
   <record>
      <leader>00000nz  a2200000nc 4500</leader>
      <controlfield tag="001">institutions/30003719</controlfield>
      <controlfield tag="003">DE-633</controlfield>
      <controlfield tag="005">20250620052024.0</controlfield>
      <controlfield tag="008">161109||||z|||a|||||||||||||||||n||||||d</controlfield>
      <datafield tag="024" ind1="7" ind2=" ">
         <subfield code="a">157768788</subfield>
         <subfield code="2">VIAF</subfield>
      </datafield>
      <datafield tag="024" ind1="7" ind2=" ">
         <subfield code="a">124995018</subfield>
         <subfield code="2">VIAF</subfield>
      </datafield>
      <datafield tag="024" ind1="7" ind2=" ">
         <subfield code="a">GB-ALb</subfield>
         <subfield code="q">siglum</subfield>
         <subfield code="2">rism</subfield>
      </datafield>
      <datafield tag="034" ind1="1" ind2=" ">
         <subfield code="d">1.587880</subfield>
         <subfield code="f">52.164587</subfield>
      </datafield>
      <datafield tag="040" ind1=" " ind2=" ">
         <subfield code="a">DE-633</subfield>
         <subfield code="c">DE-633</subfield>
         <subfield code="e">rismg</subfield>
      </datafield>
      <datafield tag="043" ind1=" " ind2=" ">
         <subfield code="c">XA-GB</subfield>
      </datafield>
      <datafield tag="110" ind1="1" ind2=" ">
         <subfield code="a">Britten Pears Arts, Library and Archive Collections</subfield>
         <subfield code="c">Aldeburgh</subfield>
         <subfield code="g">GB-ALb</subfield>
      </datafield>
      <datafield tag="368" ind1=" " ind2=" ">
         <subfield code="a">Institution</subfield>
         <subfield code="a">Library</subfield>
         <subfield code="a">Archive</subfield>
      </datafield>
      <datafield tag="371" ind1=" " ind2=" ">
         <subfield code="a">The Red House</subfield>
         <subfield code="a">Golf Lane</subfield>
         <subfield code="b">Aldeburgh</subfield>
         <subfield code="b">Suffolk IP15 5PZ</subfield>
         <subfield code="c">East Suffolk District</subfield>
         <subfield code="d">United Kingdom</subfield>
         <subfield code="m">archive@brittenpearsarts.org</subfield>
         <subfield code="u">https://brittenpears.org/</subfield>
         <subfield code="z">tel: +44 / (0)1728 / 687110</subfield>
      </datafield>
      <datafield tag="410" ind1=" " ind2=" ">
         <subfield code="a">Britten-Pears Foundation, Library and Archive Collections</subfield>
      </datafield>
      <datafield tag="551" ind1="1" ind2=" ">
         <subfield code="a">Aldeburgh</subfield>
         <subfield code="0">places/3903924</subfield>
      </datafield>
      <datafield tag="700" ind1="1" ind2=" ">
         <subfield code="a">Britten, Benjamin</subfield>
         <subfield code="d">1913-1976</subfield>
         <subfield code="0">people/52788</subfield>
         <subfield code="4">fmo</subfield>
      </datafield>
   </record>