
   <record>
      <leader>00000nz  a2200000nc 4500</leader>
      <controlfield tag="001">institutions/30070465</controlfield>
      <controlfield tag="003">DE-633</controlfield>
      <controlfield tag="005">20250620052106.0</controlfield>
      <controlfield tag="008">161109||||z|||a|||||||||||||||||n||||||d</controlfield>
      <datafield tag="024" ind1="7" ind2=" ">
         <subfield code="a">GB-ARMpc</subfield>
         <subfield code="q">siglum</subfield>
         <subfield code="2">rism</subfield>
      </datafield>
      <datafield tag="040" ind1=" " ind2=" ">
         <subfield code="a">DE-633</subfield>
         <subfield code="c">DE-633</subfield>
         <subfield code="e">rismg</subfield>
      </datafield>
      <datafield tag="043" ind1=" " ind2=" ">
         <subfield code="c">XA-GB-NIR</subfield>
      </datafield>
      <datafield tag="110" ind1="1" ind2=" ">
         <subfield code="a">St Patrick's Church of Ireland Cathedral, Library</subfield>
         <subfield code="c">Armagh</subfield>
         <subfield code="g">GB-ARMpc</subfield>
      </datafield>
      <datafield tag="368" ind1=" " ind2=" ">
         <subfield code="a">Institution</subfield>
         <subfield code="a">Library</subfield>
      </datafield>
      <datafield tag="551" ind1="1" ind2=" ">
         <subfield code="a">Armagh</subfield>
         <subfield code="0">places/3905022</subfield>
      </datafield>
      <datafield tag="580" ind1="1" ind2=" ">
         <subfield code="x">GB-ARMr</subfield>
         <subfield code="0">institutions/30070463</subfield>
      </datafield>
   </record>