
   <record>
      <leader>00000nz  a2200000nc 4500</leader>
      <controlfield tag="001">institutions/30001518</controlfield>
      <controlfield tag="003">DE-633</controlfield>
      <controlfield tag="005">20250822062754.0</controlfield>
      <controlfield tag="008">161109||||z|||a|||||||||||||||||n||||||d</controlfield>
      <datafield tag="024" ind1="7" ind2=" ">
         <subfield code="a">GB-AY</subfield>
         <subfield code="q">siglum</subfield>
         <subfield code="2">rism</subfield>
      </datafield>
      <datafield tag="034" ind1="1" ind2=" ">
         <subfield code="d">-0.8116619294321398</subfield>
         <subfield code="f">51.81492114369627</subfield>
      </datafield>
      <datafield tag="040" ind1=" " ind2=" ">
         <subfield code="a">DE-633</subfield>
         <subfield code="c">DE-633</subfield>
         <subfield code="e">rismg</subfield>
      </datafield>
      <datafield tag="043" ind1=" " ind2=" ">
         <subfield code="c">XA-GB</subfield>
      </datafield>
      <datafield tag="110" ind1="1" ind2=" ">
         <subfield code="a">Buckinghamshire archives</subfield>
         <subfield code="c">Aylesbury</subfield>
         <subfield code="g">GB-AY</subfield>
      </datafield>
      <datafield tag="368" ind1=" " ind2=" ">
         <subfield code="a">Institution</subfield>
         <subfield code="a">Archive</subfield>
         <subfield code="a">Library</subfield>
      </datafield>
      <datafield tag="371" ind1=" " ind2=" ">
         <subfield code="a">Buckinghamshire Council building</subfield>
         <subfield code="a">Walton Street</subfield>
         <subfield code="b">Aylesbury</subfield>
         <subfield code="d">United Kingdom</subfield>
         <subfield code="e">HP20 1UU</subfield>
         <subfield code="m">archives@buckinghamshire.gov.uk</subfield>
         <subfield code="u">http://www.buckscc.gov.uk/bcc/archives/Centre_for_Buckinghamshire_Studies.page?</subfield>
         <subfield code="z">tel: +44 / 01296 382 587</subfield>
      </datafield>
      <datafield tag="410" ind1=" " ind2=" ">
         <subfield code="a">Centre for Buckinghamshire Studies</subfield>
      </datafield>
      <datafield tag="410" ind1=" " ind2=" ">
         <subfield code="a">Bucks, County Record Office</subfield>
      </datafield>
      <datafield tag="551" ind1="1" ind2=" ">
         <subfield code="a">Aylesbury</subfield>
         <subfield code="0">places/3902042</subfield>
      </datafield>
      <datafield tag="667" ind1=" " ind2=" ">
         <subfield code="a">Published sources: 58</subfield>
      </datafield>
   </record>