
   <record>
      <leader>00000nz  a2200000nc 4500</leader>
      <controlfield tag="001">institutions/30070468</controlfield>
      <controlfield tag="003">DE-633</controlfield>
      <controlfield tag="005">20250620052106.0</controlfield>
      <controlfield tag="008">161109||||z|||a|||||||||||||||||n||||||d</controlfield>
      <datafield tag="024" ind1="7" ind2=" ">
         <subfield code="a">124279263</subfield>
         <subfield code="2">VIAF</subfield>
      </datafield>
      <datafield tag="024" ind1="7" ind2=" ">
         <subfield code="a">Q4591838</subfield>
         <subfield code="2">WKP</subfield>
      </datafield>
      <datafield tag="024" ind1="7" ind2=" ">
         <subfield code="a">GB-BFpro</subfield>
         <subfield code="q">siglum</subfield>
         <subfield code="2">rism</subfield>
      </datafield>
      <datafield tag="034" ind1="1" ind2=" ">
         <subfield code="d">-5.910373097144701</subfield>
         <subfield code="f">54.604052271259995</subfield>
      </datafield>
      <datafield tag="040" ind1=" " ind2=" ">
         <subfield code="a">DE-633</subfield>
         <subfield code="c">DE-633</subfield>
         <subfield code="e">rismg</subfield>
      </datafield>
      <datafield tag="043" ind1=" " ind2=" ">
         <subfield code="c">XA-GB-NIR</subfield>
      </datafield>
      <datafield tag="110" ind1="1" ind2=" ">
         <subfield code="a">The Public Record Office of Northern Ireland (PRONI)</subfield>
         <subfield code="c">Belfast</subfield>
         <subfield code="g">GB-BFpro</subfield>
      </datafield>
      <datafield tag="368" ind1=" " ind2=" ">
         <subfield code="a">Institution</subfield>
         <subfield code="a">Library</subfield>
         <subfield code="a">Archive</subfield>
      </datafield>
      <datafield tag="371" ind1=" " ind2=" ">
         <subfield code="a">2 Titanic Boulevard</subfield>
         <subfield code="b">Belfast BT3 9HQ</subfield>
         <subfield code="c">Northern Ireland</subfield>
         <subfield code="d">United Kingdom</subfield>
         <subfield code="u">https://www.nidirect.gov.uk/campaigns/public-record-office-northern-ireland-proni</subfield>
      </datafield>
      <datafield tag="551" ind1="1" ind2=" ">
         <subfield code="a">Belfast</subfield>
         <subfield code="0">places/3901850</subfield>
      </datafield>
   </record>