
   <record>
      <leader>00000nz  a2200000nc 4500</leader>
      <controlfield tag="001">institutions/30070470</controlfield>
      <controlfield tag="003">DE-633</controlfield>
      <controlfield tag="005">20250620052106.0</controlfield>
      <controlfield tag="008">161109||||z|||a|||||||||||||||||n||||||d</controlfield>
      <datafield tag="024" ind1="7" ind2=" ">
         <subfield code="a">35144814307559602933</subfield>
         <subfield code="2">VIAF</subfield>
      </datafield>
      <datafield tag="024" ind1="7" ind2=" ">
         <subfield code="a">Q3547979</subfield>
         <subfield code="2">WKP</subfield>
      </datafield>
      <datafield tag="024" ind1="7" ind2=" ">
         <subfield code="a">GB-BFum</subfield>
         <subfield code="q">siglum</subfield>
         <subfield code="2">rism</subfield>
      </datafield>
      <datafield tag="034" ind1="1" ind2=" ">
         <subfield code="d">-5.935321902711252</subfield>
         <subfield code="f">54.582410337284514</subfield>
      </datafield>
      <datafield tag="040" ind1=" " ind2=" ">
         <subfield code="a">DE-633</subfield>
         <subfield code="c">DE-633</subfield>
         <subfield code="e">rismg</subfield>
      </datafield>
      <datafield tag="043" ind1=" " ind2=" ">
         <subfield code="c">XA-GB-NIR</subfield>
      </datafield>
      <datafield tag="110" ind1="1" ind2=" ">
         <subfield code="a">Ulster Museum</subfield>
         <subfield code="c">Belfast</subfield>
         <subfield code="g">GB-BFum</subfield>
      </datafield>
      <datafield tag="368" ind1=" " ind2=" ">
         <subfield code="a">Institution</subfield>
         <subfield code="a">Library</subfield>
         <subfield code="a">Museum</subfield>
      </datafield>
      <datafield tag="371" ind1=" " ind2=" ">
         <subfield code="a">Stranmillis Road, Botanic Gardens</subfield>
         <subfield code="b">Belfast, BT9 5AB</subfield>
         <subfield code="c">Northern Ireland</subfield>
         <subfield code="d">United Kingdom</subfield>
         <subfield code="u">https://www.ulstermuseum.org/</subfield>
         <subfield code="z">tel: +44 / (0)28 / 9044 0000</subfield>
      </datafield>
      <datafield tag="551" ind1="1" ind2=" ">
         <subfield code="a">Belfast</subfield>
         <subfield code="0">places/3901850</subfield>
      </datafield>
   </record>