
   <record>
      <leader>00000nz  a2200000nc 4500</leader>
      <controlfield tag="001">institutions/51008120</controlfield>
      <controlfield tag="003">DE-633</controlfield>
      <controlfield tag="005">20250620052320.0</controlfield>
      <controlfield tag="008">240718||||z|||a|||||||||||||||||n||||||d</controlfield>
      <datafield tag="024" ind1="7" ind2=" ">
         <subfield code="a">GB-BRDwyas</subfield>
         <subfield code="q">siglum</subfield>
         <subfield code="2">rism</subfield>
      </datafield>
      <datafield tag="034" ind1="1" ind2=" ">
         <subfield code="d">-1.7548567753311421</subfield>
         <subfield code="f">53.790334351322144</subfield>
      </datafield>
      <datafield tag="040" ind1=" " ind2=" ">
         <subfield code="a">DE-633</subfield>
         <subfield code="c">DE-633</subfield>
         <subfield code="e">rismg</subfield>
      </datafield>
      <datafield tag="043" ind1=" " ind2=" ">
         <subfield code="c">XA-GB</subfield>
      </datafield>
      <datafield tag="110" ind1="1" ind2=" ">
         <subfield code="a">West Yorkshire Archive Service - District Office Bradford</subfield>
         <subfield code="c">Bradford</subfield>
         <subfield code="g">GB-BRDwyas</subfield>
      </datafield>
      <datafield tag="368" ind1=" " ind2=" ">
         <subfield code="a">Institution</subfield>
         <subfield code="a">Archive</subfield>
         <subfield code="a">Library</subfield>
      </datafield>
      <datafield tag="371" ind1=" " ind2=" ">
         <subfield code="a">Margaret McMillan Tower</subfield>
         <subfield code="a">Prince’s Way</subfield>
         <subfield code="b">Bradford</subfield>
         <subfield code="c">West Yorkshire</subfield>
         <subfield code="d">United Kingdom</subfield>
         <subfield code="e">BD1 1NN</subfield>
         <subfield code="m">bradford@wyjs.org.uk</subfield>
         <subfield code="u">https://www.wyjs.org.uk/archive-service/</subfield>
         <subfield code="z">tel: +44 / (0)113 / 535 3020</subfield>
      </datafield>
      <datafield tag="551" ind1="1" ind2=" ">
         <subfield code="a">Bradford</subfield>
         <subfield code="0">places/3022787</subfield>
      </datafield>
   </record>