
   <record>
      <leader>00000nz  a2200000nc 4500</leader>
      <controlfield tag="001">institutions/51001746</controlfield>
      <controlfield tag="003">DE-633</controlfield>
      <controlfield tag="005">20250620052240.0</controlfield>
      <controlfield tag="008">180731||||z|||a|||||||||||||||||n||||||d</controlfield>
      <datafield tag="024" ind1="7" ind2=" ">
         <subfield code="a">GB-UkBtBHCL</subfield>
         <subfield code="2">ISIL</subfield>
      </datafield>
      <datafield tag="024" ind1="7" ind2=" ">
         <subfield code="a">GB-BRIjl</subfield>
         <subfield code="q">siglum</subfield>
         <subfield code="2">rism</subfield>
      </datafield>
      <datafield tag="034" ind1="1" ind2=" ">
         <subfield code="d">-0.138514</subfield>
         <subfield code="f">50.824937</subfield>
      </datafield>
      <datafield tag="040" ind1=" " ind2=" ">
         <subfield code="a">DE-633</subfield>
         <subfield code="c">DE-633</subfield>
         <subfield code="e">rismg</subfield>
      </datafield>
      <datafield tag="043" ind1=" " ind2=" ">
         <subfield code="c">XA-GB</subfield>
      </datafield>
      <datafield tag="110" ind1="1" ind2=" ">
         <subfield code="a">Jubilee Library</subfield>
         <subfield code="c">Brighton</subfield>
         <subfield code="g">GB-BRIjl</subfield>
      </datafield>
      <datafield tag="368" ind1=" " ind2=" ">
         <subfield code="a">Institution</subfield>
         <subfield code="a">Library</subfield>
      </datafield>
      <datafield tag="371" ind1=" " ind2=" ">
         <subfield code="a">Jubilee Street</subfield>
         <subfield code="b">Brighton</subfield>
         <subfield code="d">United Kingdom</subfield>
         <subfield code="e">BN1 1GE</subfield>
         <subfield code="m">libraries@brighton-hove.gov.uk</subfield>
         <subfield code="u">https://www.brighton-hove.gov.uk/content/leisure-and-libraries/libraries/jubilee-library</subfield>
         <subfield code="z">tel: +44 / (0)1273 / 290800</subfield>
      </datafield>
      <datafield tag="410" ind1=" " ind2=" ">
         <subfield code="a">Brigthon &amp; Hove Librairies</subfield>
      </datafield>
      <datafield tag="551" ind1="1" ind2=" ">
         <subfield code="a">Brighton</subfield>
         <subfield code="0">places/3901163</subfield>
      </datafield>
   </record>