
   <record>
      <leader>00000nz  a2200000nc 4500</leader>
      <controlfield tag="001">institutions/30080466</controlfield>
      <controlfield tag="003">DE-633</controlfield>
      <controlfield tag="005">20250620052131.0</controlfield>
      <controlfield tag="008">161109||||z|||a|||||||||||||||||n||||||d</controlfield>
      <datafield tag="024" ind1="7" ind2=" ">
         <subfield code="a">GB-UkBmPL</subfield>
         <subfield code="2">ISIL</subfield>
      </datafield>
      <datafield tag="024" ind1="7" ind2=" ">
         <subfield code="a">GB-BROcl</subfield>
         <subfield code="q">siglum</subfield>
         <subfield code="2">rism</subfield>
      </datafield>
      <datafield tag="034" ind1="1" ind2=" ">
         <subfield code="d">0.014746</subfield>
         <subfield code="f">51.403609</subfield>
      </datafield>
      <datafield tag="040" ind1=" " ind2=" ">
         <subfield code="a">DE-633</subfield>
         <subfield code="c">DE-633</subfield>
         <subfield code="e">rismg</subfield>
      </datafield>
      <datafield tag="043" ind1=" " ind2=" ">
         <subfield code="c">XA-GB</subfield>
      </datafield>
      <datafield tag="110" ind1="1" ind2=" ">
         <subfield code="a">Bromley Central Library</subfield>
         <subfield code="c">Bromley</subfield>
         <subfield code="g">GB-BROcl</subfield>
      </datafield>
      <datafield tag="368" ind1=" " ind2=" ">
         <subfield code="a">Institution</subfield>
         <subfield code="a">Library</subfield>
      </datafield>
      <datafield tag="371" ind1=" " ind2=" ">
         <subfield code="a">High Street</subfield>
         <subfield code="b">Bromley</subfield>
         <subfield code="d">United Kingdom</subfield>
         <subfield code="e">BR1 1EX</subfield>
         <subfield code="m">central.library@bromley.gov.uk</subfield>
         <subfield code="u">https://arena.yourlondonlibrary.net/web/bromley/central-library</subfield>
         <subfield code="z">tel: +44 / (0)20 / 8460 9955</subfield>
         <subfield code="z">fax: +44 / (0)20 / 8466 7860</subfield>
      </datafield>
      <datafield tag="551" ind1="1" ind2=" ">
         <subfield code="a">Bromley</subfield>
         <subfield code="0">places/3905682</subfield>
      </datafield>
   </record>