
   <record>
      <leader>00000nz  a2200000nc 4500</leader>
      <controlfield tag="001">institutions/51003160</controlfield>
      <controlfield tag="003">DE-633</controlfield>
      <controlfield tag="005">20250620052249.0</controlfield>
      <controlfield tag="008">190806||||z|||a|||||||||||||||||n||||||d</controlfield>
      <datafield tag="024" ind1="7" ind2=" ">
         <subfield code="a">GB-CAcl</subfield>
         <subfield code="q">siglum</subfield>
         <subfield code="2">rism</subfield>
      </datafield>
      <datafield tag="034" ind1="1" ind2=" ">
         <subfield code="d">1.079254</subfield>
         <subfield code="f">51.279646</subfield>
      </datafield>
      <datafield tag="040" ind1=" " ind2=" ">
         <subfield code="a">DE-633</subfield>
         <subfield code="c">DE-633</subfield>
         <subfield code="e">rismg</subfield>
      </datafield>
      <datafield tag="043" ind1=" " ind2=" ">
         <subfield code="c">XA-GB</subfield>
      </datafield>
      <datafield tag="110" ind1="1" ind2=" ">
         <subfield code="a">Canterbury Library</subfield>
         <subfield code="c">Canterbury</subfield>
         <subfield code="g">GB-CAcl</subfield>
      </datafield>
      <datafield tag="368" ind1=" " ind2=" ">
         <subfield code="a">Institution</subfield>
         <subfield code="a">Library</subfield>
      </datafield>
      <datafield tag="371" ind1=" " ind2=" ">
         <subfield code="a">18 High St</subfield>
         <subfield code="b">Canterbury CT1 2RA</subfield>
         <subfield code="d">United Kingdom</subfield>
         <subfield code="m">canterburylibrary@kent.gov.uk</subfield>
         <subfield code="u">https://webapps.kent.gov.uk/KCC.Libraries.Web.Sites.Public/LibraryDetails.aspx?aid=0&amp;lid=8&amp;uprn=010033173051</subfield>
         <subfield code="z">tel: +44 / 300 / 041 3131</subfield>
      </datafield>
      <datafield tag="551" ind1="1" ind2=" ">
         <subfield code="a">Canterbury</subfield>
         <subfield code="0">places/3900679</subfield>
      </datafield>
   </record>