
   <record>
      <leader>00000nz  a2200000nc 4500</leader>
      <controlfield tag="001">institutions/51005416</controlfield>
      <controlfield tag="003">DE-633</controlfield>
      <controlfield tag="005">20250620052302.0</controlfield>
      <controlfield tag="008">210723||||z|||a|||||||||||||||||n||||||d</controlfield>
      <datafield tag="024" ind1="7" ind2=" ">
         <subfield code="a">134321072</subfield>
         <subfield code="2">VIAF</subfield>
      </datafield>
      <datafield tag="024" ind1="7" ind2=" ">
         <subfield code="a">Q1321874</subfield>
         <subfield code="2">WKP</subfield>
      </datafield>
      <datafield tag="024" ind1="7" ind2=" ">
         <subfield code="a">GB-CDnm</subfield>
         <subfield code="q">siglum</subfield>
         <subfield code="2">rism</subfield>
      </datafield>
      <datafield tag="034" ind1="1" ind2=" ">
         <subfield code="d">-3.1768606309040606</subfield>
         <subfield code="f">51.48568197963161</subfield>
      </datafield>
      <datafield tag="040" ind1=" " ind2=" ">
         <subfield code="a">DE-633</subfield>
         <subfield code="c">DE-633</subfield>
         <subfield code="e">rismg</subfield>
      </datafield>
      <datafield tag="043" ind1=" " ind2=" ">
         <subfield code="c">XA-GB</subfield>
      </datafield>
      <datafield tag="110" ind1="1" ind2=" ">
         <subfield code="a">National Museum Cardiff</subfield>
         <subfield code="c">Cardiff</subfield>
         <subfield code="g">GB-CDnm</subfield>
      </datafield>
      <datafield tag="368" ind1=" " ind2=" ">
         <subfield code="a">Institution</subfield>
         <subfield code="a">Library</subfield>
         <subfield code="a">Museum</subfield>
      </datafield>
      <datafield tag="371" ind1=" " ind2=" ">
         <subfield code="a">Cathays Park</subfield>
         <subfield code="b">Cardiff CF10 3NP</subfield>
         <subfield code="c">Wales</subfield>
         <subfield code="d">United Kingdom</subfield>
         <subfield code="m">cardiff@museumwales.ac.uk</subfield>
         <subfield code="u">https://museum.wales/cardiff/</subfield>
         <subfield code="z">tel: +44 / 0300 111 2 333</subfield>
      </datafield>
      <datafield tag="510" ind1="2" ind2=" ">
         <subfield code="a">Amgueddfa Genedlaethol Caerdydd</subfield>
      </datafield>
      <datafield tag="510" ind1="2" ind2=" ">
         <subfield code="a">Amgueddfa Cymru - National Museum Wales</subfield>
      </datafield>
      <datafield tag="551" ind1="1" ind2=" ">
         <subfield code="a">Cardiff</subfield>
         <subfield code="0">places/3903221</subfield>
      </datafield>
   </record>