
   <record>
      <leader>00000nz  a2200000nc 4500</leader>
      <controlfield tag="001">institutions/51003583</controlfield>
      <controlfield tag="003">DE-633</controlfield>
      <controlfield tag="005">20250620052251.0</controlfield>
      <controlfield tag="008">191209||||z|||a|||||||||||||||||n||||||d</controlfield>
      <datafield tag="024" ind1="7" ind2=" ">
         <subfield code="a">GB-CDspca</subfield>
         <subfield code="q">siglum</subfield>
         <subfield code="2">rism</subfield>
      </datafield>
      <datafield tag="034" ind1="1" ind2=" ">
         <subfield code="d">-3.182184</subfield>
         <subfield code="f">51.490123</subfield>
      </datafield>
      <datafield tag="040" ind1=" " ind2=" ">
         <subfield code="a">DE-633</subfield>
         <subfield code="c">DE-633</subfield>
         <subfield code="e">rismg</subfield>
      </datafield>
      <datafield tag="043" ind1=" " ind2=" ">
         <subfield code="c">XA-GB</subfield>
      </datafield>
      <datafield tag="110" ind1="1" ind2=" ">
         <subfield code="a">Special Collections and Archives</subfield>
         <subfield code="c">Cardiff</subfield>
         <subfield code="g">GB-CDspca</subfield>
      </datafield>
      <datafield tag="368" ind1=" " ind2=" ">
         <subfield code="a">Institution</subfield>
         <subfield code="a">Library</subfield>
      </datafield>
      <datafield tag="371" ind1=" " ind2=" ">
         <subfield code="a">Colum Drive</subfield>
         <subfield code="b">Cardiff, CF10 3EU</subfield>
         <subfield code="c">Wales</subfield>
         <subfield code="d">United Kingdom</subfield>
         <subfield code="m">specialcollections@cardiff.ac.uk</subfield>
         <subfield code="u">https://www.cardiff.ac.uk/special-collections</subfield>
         <subfield code="z">tel: +44 (0)29 2087 4911</subfield>
      </datafield>
      <datafield tag="410" ind1=" " ind2=" ">
         <subfield code="a">Arts and Social Studies Library, Cardiff University</subfield>
      </datafield>
      <datafield tag="551" ind1="1" ind2=" ">
         <subfield code="a">Cardiff</subfield>
         <subfield code="0">places/3903221</subfield>
      </datafield>
      <datafield tag="680" ind1="1" ind2=" ">
         <subfield code="a">The Mackworth and Aylward music collections, formerly owned by Cardiff Central (Public) Library [GB-CDp], are now held at Special Collections and Archives, Arts and Social Studies Library, Cardiff University.</subfield>
      </datafield>
      <datafield tag="856" ind1="1" ind2=" ">
         <subfield code="u">https://www.cardiff.ac.uk/special-collections/explore/collection/mackworth-music-scores</subfield>
         <subfield code="z">Short description of the Mackworth collection.</subfield>
      </datafield>
      <datafield tag="856" ind1="1" ind2=" ">
         <subfield code="u">https://www.cardiff.ac.uk/special-collections/explore/collection/aylward-collection</subfield>
         <subfield code="z">Short description of the Aylward collection.</subfield>
      </datafield>
   </record>