
   <record>
      <leader>00000nz  a2200000nc 4500</leader>
      <controlfield tag="001">institutions/30005665</controlfield>
      <controlfield tag="003">DE-633</controlfield>
      <controlfield tag="005">20250620052041.0</controlfield>
      <controlfield tag="008">161109||||z|||a|||||||||||||||||n||||||d</controlfield>
      <datafield tag="024" ind1="7" ind2=" ">
         <subfield code="a">156279286</subfield>
         <subfield code="2">VIAF</subfield>
      </datafield>
      <datafield tag="024" ind1="7" ind2=" ">
         <subfield code="a">Q2631977</subfield>
         <subfield code="2">WKP</subfield>
      </datafield>
      <datafield tag="024" ind1="7" ind2=" ">
         <subfield code="a">GB-CDw</subfield>
         <subfield code="q">siglum</subfield>
         <subfield code="2">rism</subfield>
      </datafield>
      <datafield tag="034" ind1="1" ind2=" ">
         <subfield code="d">-3.163162</subfield>
         <subfield code="f">51.464755</subfield>
      </datafield>
      <datafield tag="040" ind1=" " ind2=" ">
         <subfield code="a">DE-633</subfield>
         <subfield code="c">DE-633</subfield>
         <subfield code="e">rismg</subfield>
      </datafield>
      <datafield tag="043" ind1=" " ind2=" ">
         <subfield code="c">XA-GB</subfield>
      </datafield>
      <datafield tag="110" ind1="1" ind2=" ">
         <subfield code="a">Tŷ Cerdd - Music Centre Wales, Library</subfield>
         <subfield code="c">Cardiff</subfield>
         <subfield code="g">GB-CDw</subfield>
      </datafield>
      <datafield tag="368" ind1=" " ind2=" ">
         <subfield code="a">Institution</subfield>
         <subfield code="a">Library</subfield>
      </datafield>
      <datafield tag="371" ind1=" " ind2=" ">
         <subfield code="a">Wales Millennium Centre</subfield>
         <subfield code="b">Cardiff CF10 5AL</subfield>
         <subfield code="c">Wales</subfield>
         <subfield code="d">United Kingdom</subfield>
         <subfield code="m">enquiries@tycerdd.org</subfield>
         <subfield code="u">https://www.tycerdd.org/llyfrgell-library</subfield>
         <subfield code="z">contact: Ethan Davies</subfield>
         <subfield code="z">tel: +44 / 029 / 2063 5651</subfield>
      </datafield>
      <datafield tag="410" ind1=" " ind2=" ">
         <subfield code="a">Welsh Music Information Centre</subfield>
      </datafield>
      <datafield tag="410" ind1=" " ind2=" ">
         <subfield code="a">Welsh Amateur Music Federation</subfield>
      </datafield>
      <datafield tag="410" ind1=" " ind2=" ">
         <subfield code="a">Choral Hire Library</subfield>
      </datafield>
      <datafield tag="410" ind1=" " ind2=" ">
         <subfield code="a">Welsh Music Collection</subfield>
      </datafield>
      <datafield tag="551" ind1="1" ind2=" ">
         <subfield code="a">Cardiff</subfield>
         <subfield code="0">places/3903221</subfield>
      </datafield>
      <datafield tag="680" ind1="1" ind2=" ">
         <subfield code="a">Stemming from joint origins as the Welsh Amateur Music Federation and Welsh Music Information Centre, the library is split in to two sections – the Choral Hire Library, and Welsh Music Collection.</subfield>
      </datafield>
   </record>