
   <record>
      <leader>00000nz  a2200000nc 4500</leader>
      <controlfield tag="001">institutions/51007740</controlfield>
      <controlfield tag="003">DE-633</controlfield>
      <controlfield tag="005">20250620052317.0</controlfield>
      <controlfield tag="008">240122||||z|||a|||||||||||||||||n||||||d</controlfield>
      <datafield tag="024" ind1="7" ind2=" ">
         <subfield code="a">Q43224627</subfield>
         <subfield code="2">WKP</subfield>
      </datafield>
      <datafield tag="024" ind1="7" ind2=" ">
         <subfield code="a">GB-CLac</subfield>
         <subfield code="q">siglum</subfield>
         <subfield code="2">rism</subfield>
      </datafield>
      <datafield tag="034" ind1="1" ind2=" ">
         <subfield code="d">-2.911252145814429</subfield>
         <subfield code="f">54.87420957681537</subfield>
      </datafield>
      <datafield tag="040" ind1=" " ind2=" ">
         <subfield code="a">DE-633</subfield>
         <subfield code="c">DE-633</subfield>
         <subfield code="e">rismg</subfield>
      </datafield>
      <datafield tag="043" ind1=" " ind2=" ">
         <subfield code="c">XA-GB</subfield>
      </datafield>
      <datafield tag="110" ind1="1" ind2=" ">
         <subfield code="a">Carlisle Archive Centre</subfield>
         <subfield code="c">Carlisle</subfield>
         <subfield code="g">GB-CLac</subfield>
      </datafield>
      <datafield tag="368" ind1=" " ind2=" ">
         <subfield code="a">Institution</subfield>
         <subfield code="a">Library</subfield>
         <subfield code="a">Archive</subfield>
      </datafield>
      <datafield tag="371" ind1=" " ind2=" ">
         <subfield code="a">Lady Gillford's House</subfield>
         <subfield code="a">Petteril Bank Road</subfield>
         <subfield code="a">Cumbria</subfield>
         <subfield code="b">Carlisle CA1 3AJ</subfield>
         <subfield code="d">United Kingdom</subfield>
         <subfield code="m">carlisle.archives@cumberland.gov.uk</subfield>
         <subfield code="u">https://cumbriaarchives.org.uk/archives/archivecentres/cac.asp</subfield>
         <subfield code="z">tel: +44 / 01228 227284</subfield>
      </datafield>
      <datafield tag="551" ind1="1" ind2=" ">
         <subfield code="a">Carlisle</subfield>
         <subfield code="0">places/3903224</subfield>
      </datafield>
      <datafield tag="667" ind1=" " ind2=" ">
         <subfield code="a">Published sources: 240</subfield>
      </datafield>
   </record>