
   <record>
      <leader>00000nz  a2200000nc 4500</leader>
      <controlfield tag="001">institutions/51008773</controlfield>
      <controlfield tag="003">DE-633</controlfield>
      <controlfield tag="005">20250620052325.0</controlfield>
      <controlfield tag="008">250515||||z|||a|||||||||||||||||n||||||d</controlfield>
      <datafield tag="024" ind1="7" ind2=" ">
         <subfield code="a">168122504</subfield>
         <subfield code="2">VIAF</subfield>
      </datafield>
      <datafield tag="024" ind1="7" ind2=" ">
         <subfield code="a">GB-Cccl</subfield>
         <subfield code="q">siglum</subfield>
         <subfield code="2">rism</subfield>
      </datafield>
      <datafield tag="034" ind1="1" ind2=" ">
         <subfield code="d">0.11704229745168303</subfield>
         <subfield code="f">52.20339702143201</subfield>
      </datafield>
      <datafield tag="040" ind1=" " ind2=" ">
         <subfield code="a">DE-633</subfield>
         <subfield code="b">ger</subfield>
         <subfield code="c">DE-633</subfield>
         <subfield code="e">rismg</subfield>
      </datafield>
      <datafield tag="043" ind1=" " ind2=" ">
         <subfield code="c">XA-GB</subfield>
      </datafield>
      <datafield tag="110" ind1="1" ind2=" ">
         <subfield code="a">St Catharine's College, Library</subfield>
         <subfield code="c">Cambridge</subfield>
         <subfield code="g">GB-Cccl</subfield>
      </datafield>
      <datafield tag="368" ind1=" " ind2=" ">
         <subfield code="a">Institution</subfield>
         <subfield code="a">Library</subfield>
      </datafield>
      <datafield tag="371" ind1=" " ind2=" ">
         <subfield code="a">Trumpington Street</subfield>
         <subfield code="b">Cambridge</subfield>
         <subfield code="c">Cambridgeshire, England</subfield>
         <subfield code="d">United Kingdom</subfield>
         <subfield code="e">CB2 1RL</subfield>
         <subfield code="m">librarian@caths.cam.ac.uk</subfield>
         <subfield code="u">https://www.caths.cam.ac.uk/college-life/library</subfield>
         <subfield code="z">contact: Dr Colin Higgins</subfield>
      </datafield>
      <datafield tag="551" ind1="1" ind2=" ">
         <subfield code="a">Cambridge</subfield>
         <subfield code="0">places/3900570</subfield>
      </datafield>
   </record>