
   <record>
      <leader>00000nz  a2200000nc 4500</leader>
      <controlfield tag="001">institutions/30001541</controlfield>
      <controlfield tag="003">DE-633</controlfield>
      <controlfield tag="005">20250620052005.0</controlfield>
      <controlfield tag="008">161109||||z|||a|||||||||||||||||n||||||d</controlfield>
      <datafield tag="024" ind1="7" ind2=" ">
         <subfield code="a">266977625</subfield>
         <subfield code="2">VIAF</subfield>
      </datafield>
      <datafield tag="024" ind1="7" ind2=" ">
         <subfield code="a">GB-Ckc</subfield>
         <subfield code="q">siglum</subfield>
         <subfield code="2">rism</subfield>
      </datafield>
      <datafield tag="034" ind1="1" ind2=" ">
         <subfield code="d">0.11722230147581658</subfield>
         <subfield code="f">52.20436025353542</subfield>
      </datafield>
      <datafield tag="040" ind1=" " ind2=" ">
         <subfield code="a">DE-633</subfield>
         <subfield code="c">DE-633</subfield>
         <subfield code="e">rismg</subfield>
      </datafield>
      <datafield tag="043" ind1=" " ind2=" ">
         <subfield code="c">XA-GB</subfield>
      </datafield>
      <datafield tag="110" ind1="1" ind2=" ">
         <subfield code="a">Rowe Music Library, King's College, University of Cambridge</subfield>
         <subfield code="c">Cambridge</subfield>
         <subfield code="g">GB-Ckc</subfield>
      </datafield>
      <datafield tag="368" ind1=" " ind2=" ">
         <subfield code="a">Institution</subfield>
         <subfield code="a">Library</subfield>
      </datafield>
      <datafield tag="371" ind1=" " ind2=" ">
         <subfield code="a">King's Parade</subfield>
         <subfield code="b">Cambridge CB2 1ST</subfield>
         <subfield code="d">United Kingdom</subfield>
         <subfield code="m">library@kings.cam.ac.uk</subfield>
         <subfield code="u">https://www.kings.cam.ac.uk/library/special-collections#rowe</subfield>
         <subfield code="z">tel: +44 / (0)1223 / 331232</subfield>
      </datafield>
      <datafield tag="551" ind1="1" ind2=" ">
         <subfield code="a">Cambridge</subfield>
         <subfield code="0">places/3900570</subfield>
      </datafield>
      <datafield tag="667" ind1=" " ind2=" ">
         <subfield code="a">Published sources: 3193</subfield>
      </datafield>
   </record>