
   <record>
      <leader>00000nz  a2200000nc 4500</leader>
      <controlfield tag="001">institutions/51001645</controlfield>
      <controlfield tag="003">DE-633</controlfield>
      <controlfield tag="005">20250620052240.0</controlfield>
      <controlfield tag="008">180604||||z|||a|||||||||||||||||n||||||d</controlfield>
      <datafield tag="024" ind1="7" ind2=" ">
         <subfield code="a">GB-Cmmll</subfield>
         <subfield code="q">siglum</subfield>
         <subfield code="2">rism</subfield>
      </datafield>
      <datafield tag="034" ind1="1" ind2=" ">
         <subfield code="d">0.109531</subfield>
         <subfield code="f">52.201319</subfield>
      </datafield>
      <datafield tag="040" ind1=" " ind2=" ">
         <subfield code="a">DE-633</subfield>
         <subfield code="c">DE-633</subfield>
         <subfield code="e">rismg</subfield>
      </datafield>
      <datafield tag="043" ind1=" " ind2=" ">
         <subfield code="c">XA-GB</subfield>
      </datafield>
      <datafield tag="110" ind1="1" ind2=" ">
         <subfield code="a">The Modern and Medieval Languages Library, University of Cambridge</subfield>
         <subfield code="c">Cambridge</subfield>
         <subfield code="g">GB-Cmmll</subfield>
      </datafield>
      <datafield tag="368" ind1=" " ind2=" ">
         <subfield code="a">Institution</subfield>
         <subfield code="a">Library</subfield>
      </datafield>
      <datafield tag="371" ind1=" " ind2=" ">
         <subfield code="a">Faculty of Modern and Medieval Languages</subfield>
         <subfield code="a">Raised Faculty Building</subfield>
         <subfield code="a">Sidgwick Avenue</subfield>
         <subfield code="b">Cambridge CB3 9DA</subfield>
         <subfield code="d">United Kingdom</subfield>
         <subfield code="m">mmllib@hermes.cam.ac.uk</subfield>
         <subfield code="u">https://www.mml.cam.ac.uk/library</subfield>
         <subfield code="z">tel: +44 / (0)1223 / 335041</subfield>
      </datafield>
      <datafield tag="551" ind1="1" ind2=" ">
         <subfield code="a">Cambridge</subfield>
         <subfield code="0">places/3900570</subfield>
      </datafield>
   </record>