
   <record>
      <leader>00000nz  a2200000nc 4500</leader>
      <controlfield tag="001">institutions/51008869</controlfield>
      <controlfield tag="003">DE-633</controlfield>
      <controlfield tag="005">20250626111736.0</controlfield>
      <controlfield tag="008">250626||||z|||a|||||||||||||||||n||||||d</controlfield>
      <datafield tag="024" ind1="7" ind2=" ">
         <subfield code="a">172115059</subfield>
         <subfield code="2">VIAF</subfield>
      </datafield>
      <datafield tag="024" ind1="7" ind2=" ">
         <subfield code="a">5567579-7</subfield>
         <subfield code="2">DNB</subfield>
      </datafield>
      <datafield tag="024" ind1="7" ind2=" ">
         <subfield code="a">GB-Cthol</subfield>
         <subfield code="q">siglum</subfield>
         <subfield code="2">rism</subfield>
      </datafield>
      <datafield tag="034" ind1="1" ind2=" ">
         <subfield code="d">0.11513286828991252</subfield>
         <subfield code="f">52.20573748170915</subfield>
      </datafield>
      <datafield tag="040" ind1=" " ind2=" ">
         <subfield code="a">DE-633</subfield>
         <subfield code="c">DE-633</subfield>
         <subfield code="e">rismg</subfield>
      </datafield>
      <datafield tag="043" ind1=" " ind2=" ">
         <subfield code="c">XA-GB</subfield>
      </datafield>
      <datafield tag="110" ind1="1" ind2=" ">
         <subfield code="a">Trinity Hall, Old Library</subfield>
         <subfield code="c">Cambridge</subfield>
         <subfield code="g">GB-Cthol</subfield>
      </datafield>
      <datafield tag="368" ind1=" " ind2=" ">
         <subfield code="a">Institution</subfield>
         <subfield code="a">Library</subfield>
      </datafield>
      <datafield tag="371" ind1=" " ind2=" ">
         <subfield code="a">Trinity Hall, Old Library</subfield>
         <subfield code="b">Cambridge</subfield>
         <subfield code="c">Cambridgeshire</subfield>
         <subfield code="d">United Kingdom</subfield>
         <subfield code="e">CB2 1TJ</subfield>
         <subfield code="m">jel52@trinhall.cam.ac.uk</subfield>
         <subfield code="u">https://www.trinhall.cam.ac.uk/about/library/old-library/</subfield>
      </datafield>
      <datafield tag="551" ind1="1" ind2=" ">
         <subfield code="a">Cambridge</subfield>
         <subfield code="0">places/3900570</subfield>
      </datafield>
   </record>