
   <record>
      <leader>00000nz  a2200000nc 4500</leader>
      <controlfield tag="001">institutions/51003027</controlfield>
      <controlfield tag="003">DE-633</controlfield>
      <controlfield tag="005">20250620052248.0</controlfield>
      <controlfield tag="008">190604||||z|||a|||||||||||||||||n||||||d</controlfield>
      <datafield tag="024" ind1="7" ind2=" ">
         <subfield code="a">GB-DOdhc</subfield>
         <subfield code="q">siglum</subfield>
         <subfield code="2">rism</subfield>
      </datafield>
      <datafield tag="034" ind1="1" ind2=" ">
         <subfield code="d">-2.445301</subfield>
         <subfield code="f">50.714856</subfield>
      </datafield>
      <datafield tag="040" ind1=" " ind2=" ">
         <subfield code="a">DE-633</subfield>
         <subfield code="c">DE-633</subfield>
         <subfield code="e">rismg</subfield>
      </datafield>
      <datafield tag="043" ind1=" " ind2=" ">
         <subfield code="c">XA-GB</subfield>
      </datafield>
      <datafield tag="110" ind1="1" ind2=" ">
         <subfield code="a">Dorset History Centre</subfield>
         <subfield code="c">Dorchester</subfield>
         <subfield code="g">GB-DOdhc</subfield>
      </datafield>
      <datafield tag="368" ind1=" " ind2=" ">
         <subfield code="a">Institution</subfield>
         <subfield code="a">Library</subfield>
      </datafield>
      <datafield tag="371" ind1=" " ind2=" ">
         <subfield code="a">Bridport Road</subfield>
         <subfield code="b">Dorchester, Dorset DT1 1RP</subfield>
         <subfield code="d">United Kingdom</subfield>
         <subfield code="m">archives@dorsetcc.gov.uk</subfield>
         <subfield code="u">https://www.dorsetcouncil.gov.uk/libraries-history-culture/dorset-history-centre/dorset-history-centre.aspx</subfield>
         <subfield code="z">tel: +44 / 01305 / 250550</subfield>
      </datafield>
      <datafield tag="551" ind1="1" ind2=" ">
         <subfield code="a">Dorchester</subfield>
         <subfield code="0">places/3904233</subfield>
      </datafield>
      <datafield tag="680" ind1="1" ind2=" ">
         <subfield code="a">The Dorset Record Office and the County Local Studies Library form since 2005 the Dorset History Centre.</subfield>
      </datafield>
   </record>