
   <record>
      <leader>00000nz  a2200000nc 4500</leader>
      <controlfield tag="001">institutions/51000692</controlfield>
      <controlfield tag="003">DE-633</controlfield>
      <controlfield tag="005">20250620052238.0</controlfield>
      <controlfield tag="008">180302||||z|||a|||||||||||||||||n||||||d</controlfield>
      <datafield tag="024" ind1="7" ind2=" ">
         <subfield code="a">125750327</subfield>
         <subfield code="2">VIAF</subfield>
      </datafield>
      <datafield tag="024" ind1="7" ind2=" ">
         <subfield code="a">GB-DRchc</subfield>
         <subfield code="q">siglum</subfield>
         <subfield code="2">rism</subfield>
      </datafield>
      <datafield tag="034" ind1="1" ind2=" ">
         <subfield code="d">-1.574812</subfield>
         <subfield code="f">54.773302</subfield>
      </datafield>
      <datafield tag="040" ind1=" " ind2=" ">
         <subfield code="a">DE-633</subfield>
         <subfield code="c">DE-633</subfield>
         <subfield code="e">rismg</subfield>
      </datafield>
      <datafield tag="043" ind1=" " ind2=" ">
         <subfield code="c">XA-GB</subfield>
      </datafield>
      <datafield tag="110" ind1="1" ind2=" ">
         <subfield code="a">St Chad's College, Library</subfield>
         <subfield code="c">Durham</subfield>
         <subfield code="g">GB-DRchc</subfield>
      </datafield>
      <datafield tag="368" ind1=" " ind2=" ">
         <subfield code="a">Institution</subfield>
         <subfield code="a">Library</subfield>
      </datafield>
      <datafield tag="371" ind1=" " ind2=" ">
         <subfield code="a">18 North Bailey</subfield>
         <subfield code="b">Durham</subfield>
         <subfield code="c">County Durham</subfield>
         <subfield code="d">United Kingdom</subfield>
         <subfield code="e">DH1 3RH</subfield>
         <subfield code="m">jenny.parker@durham.ac.uk</subfield>
         <subfield code="u">https://www.stchads.ac.uk/</subfield>
         <subfield code="z">contact: Jenny Parker</subfield>
         <subfield code="z">tel: +44 / (0)191 / 334 3350</subfield>
      </datafield>
      <datafield tag="551" ind1="1" ind2=" ">
         <subfield code="a">Durham</subfield>
         <subfield code="0">places/3901811</subfield>
      </datafield>
   </record>