
   <record>
      <leader>00000nz  a2200000nc 4500</leader>
      <controlfield tag="001">institutions/51001715</controlfield>
      <controlfield tag="003">DE-633</controlfield>
      <controlfield tag="005">20250620052240.0</controlfield>
      <controlfield tag="008">180703||||z|||a|||||||||||||||||n||||||d</controlfield>
      <datafield tag="024" ind1="7" ind2=" ">
         <subfield code="a">166159032531401180418</subfield>
         <subfield code="2">VIAF</subfield>
      </datafield>
      <datafield tag="024" ind1="7" ind2=" ">
         <subfield code="a">Q5025645</subfield>
         <subfield code="2">WKP</subfield>
      </datafield>
      <datafield tag="024" ind1="7" ind2=" ">
         <subfield code="a">GB-ELca</subfield>
         <subfield code="q">siglum</subfield>
         <subfield code="z">GB-Cca</subfield>
         <subfield code="2">rism</subfield>
      </datafield>
      <datafield tag="034" ind1="1" ind2=" ">
         <subfield code="d">0.26325637954469294</subfield>
         <subfield code="f">52.39037231176351</subfield>
      </datafield>
      <datafield tag="040" ind1=" " ind2=" ">
         <subfield code="a">DE-633</subfield>
         <subfield code="c">DE-633</subfield>
         <subfield code="e">rismg</subfield>
      </datafield>
      <datafield tag="043" ind1=" " ind2=" ">
         <subfield code="c">XA-GB</subfield>
      </datafield>
      <datafield tag="110" ind1="1" ind2=" ">
         <subfield code="a">Cambridgeshire Archives</subfield>
         <subfield code="c">Ely</subfield>
         <subfield code="g">GB-ELca</subfield>
      </datafield>
      <datafield tag="368" ind1=" " ind2=" ">
         <subfield code="a">Institution</subfield>
         <subfield code="a">Archive</subfield>
         <subfield code="a">Library</subfield>
      </datafield>
      <datafield tag="371" ind1=" " ind2=" ">
         <subfield code="a">The Dock</subfield>
         <subfield code="b">Ely</subfield>
         <subfield code="c">Cambridgeshire</subfield>
         <subfield code="d">United Kingdom</subfield>
         <subfield code="e">CB7 4GS</subfield>
         <subfield code="m">cambs.archives@cambridgeshire.gov.uk</subfield>
         <subfield code="u">https://www.cambridgeshire.gov.uk/residents/libraries-leisure-culture/archives</subfield>
         <subfield code="z">tel: +44 / (0)1223 / 699399</subfield>
      </datafield>
      <datafield tag="551" ind1="1" ind2=" ">
         <subfield code="a">Ely</subfield>
         <subfield code="0">places/3900677</subfield>
      </datafield>
      <datafield tag="680" ind1="1" ind2=" ">
         <subfield code="a">The Cambridgeshire Archives was moving from Cambridge to Ely. So the older RISM siglum GB-Cca is now invalid. Please use the new RISM siglum GB-ELca.</subfield>
      </datafield>
   </record>