
   <record>
      <leader>00000nz  a2200000nc 4500</leader>
      <controlfield tag="001">institutions/30003389</controlfield>
      <controlfield tag="003">DE-633</controlfield>
      <controlfield tag="005">20250620052021.0</controlfield>
      <controlfield tag="008">161109||||z|||a|||||||||||||||||n||||||d</controlfield>
      <datafield tag="024" ind1="7" ind2=" ">
         <subfield code="a">Q47146407</subfield>
         <subfield code="2">WKP</subfield>
      </datafield>
      <datafield tag="024" ind1="7" ind2=" ">
         <subfield code="a">GB-EXdhc</subfield>
         <subfield code="q">siglum</subfield>
         <subfield code="2">rism</subfield>
      </datafield>
      <datafield tag="034" ind1="1" ind2=" ">
         <subfield code="d">-3.4697869478674392</subfield>
         <subfield code="f">50.72510995447359</subfield>
      </datafield>
      <datafield tag="040" ind1=" " ind2=" ">
         <subfield code="a">DE-633</subfield>
         <subfield code="c">DE-633</subfield>
         <subfield code="e">rismg</subfield>
      </datafield>
      <datafield tag="043" ind1=" " ind2=" ">
         <subfield code="c">XA-GB</subfield>
      </datafield>
      <datafield tag="110" ind1="1" ind2=" ">
         <subfield code="a">Devon Heritage Centre</subfield>
         <subfield code="c">Exeter</subfield>
         <subfield code="g">GB-EXdhc</subfield>
      </datafield>
      <datafield tag="368" ind1=" " ind2=" ">
         <subfield code="a">Institution</subfield>
         <subfield code="a">Archive</subfield>
         <subfield code="a">Library</subfield>
      </datafield>
      <datafield tag="371" ind1=" " ind2=" ">
         <subfield code="a">Great Moor House</subfield>
         <subfield code="a">Bittern Road</subfield>
         <subfield code="b">Exeter</subfield>
         <subfield code="c">Devon</subfield>
         <subfield code="d">United Kingdom</subfield>
         <subfield code="e">EX2 7NL</subfield>
         <subfield code="u">https://swheritage.org.uk/devon-archives/visit/visiting-exeter/</subfield>
      </datafield>
      <datafield tag="410" ind1=" " ind2=" ">
         <subfield code="a">East Devon Area Record Office</subfield>
      </datafield>
      <datafield tag="551" ind1="1" ind2=" ">
         <subfield code="a">Exeter</subfield>
         <subfield code="0">places/3903227</subfield>
      </datafield>
      <datafield tag="667" ind1=" " ind2=" ">
         <subfield code="a">Published sources: 2</subfield>
      </datafield>
      <datafield tag="680" ind1="1" ind2=" ">
         <subfield code="a">Due to substantial changes the older RISM siglum GB-EXed is now invalid. Please use the new RISM siglum GB-EXdhc.</subfield>
      </datafield>
   </record>