
   <record>
      <leader>00000nz  a2200000nc 4500</leader>
      <controlfield tag="001">institutions/51007184</controlfield>
      <controlfield tag="003">DE-633</controlfield>
      <controlfield tag="005">20250620052313.0</controlfield>
      <controlfield tag="008">230426||||z|||a|||||||||||||||||n||||||d</controlfield>
      <datafield tag="024" ind1="7" ind2=" ">
         <subfield code="a">Q17525521</subfield>
         <subfield code="2">WKP</subfield>
      </datafield>
      <datafield tag="024" ind1="7" ind2=" ">
         <subfield code="a">GB-F</subfield>
         <subfield code="q">siglum</subfield>
         <subfield code="2">rism</subfield>
      </datafield>
      <datafield tag="034" ind1="1" ind2=" ">
         <subfield code="d">-1.7816655280306126</subfield>
         <subfield code="f">51.70874133398124</subfield>
      </datafield>
      <datafield tag="040" ind1=" " ind2=" ">
         <subfield code="a">DE-633</subfield>
         <subfield code="c">DE-633</subfield>
         <subfield code="e">rismg</subfield>
      </datafield>
      <datafield tag="043" ind1=" " ind2=" ">
         <subfield code="c">XA-GB</subfield>
      </datafield>
      <datafield tag="110" ind1="1" ind2=" ">
         <subfield code="a">Parish Church of St Mary</subfield>
         <subfield code="c">Fairford</subfield>
         <subfield code="g">GB-F</subfield>
      </datafield>
      <datafield tag="368" ind1=" " ind2=" ">
         <subfield code="a">Institution</subfield>
         <subfield code="a">Library</subfield>
      </datafield>
      <datafield tag="371" ind1=" " ind2=" ">
         <subfield code="a">The Parish Office</subfield>
         <subfield code="a">Fairford Community Centre</subfield>
         <subfield code="a">High Street</subfield>
         <subfield code="b">Fairford, Gloucestershire GL7 4AF</subfield>
         <subfield code="c">England</subfield>
         <subfield code="d">United Kingdom</subfield>
         <subfield code="u">http://stmaryschurchfairford.org.uk/index.html</subfield>
         <subfield code="z">tel: +44 / (0)1285 / 712611</subfield>
      </datafield>
      <datafield tag="551" ind1="1" ind2=" ">
         <subfield code="a">Fairford</subfield>
         <subfield code="0">places/50015022</subfield>
      </datafield>
   </record>