
   <record>
      <leader>00000nz  a2200000nc 4500</leader>
      <controlfield tag="001">institutions/51008774</controlfield>
      <controlfield tag="003">DE-633</controlfield>
      <controlfield tag="005">20250620052325.0</controlfield>
      <controlfield tag="008">250515||||z|||a|||||||||||||||||n||||||d</controlfield>
      <datafield tag="024" ind1="7" ind2=" ">
         <subfield code="a">GB-HLFwyas</subfield>
         <subfield code="q">siglum</subfield>
         <subfield code="2">rism</subfield>
      </datafield>
      <datafield tag="034" ind1="1" ind2=" ">
         <subfield code="d">-1.855814559388609</subfield>
         <subfield code="f">53.722045223574106</subfield>
      </datafield>
      <datafield tag="040" ind1=" " ind2=" ">
         <subfield code="a">DE-633</subfield>
         <subfield code="b">ger</subfield>
         <subfield code="c">DE-633</subfield>
         <subfield code="e">rismg</subfield>
      </datafield>
      <datafield tag="043" ind1=" " ind2=" ">
         <subfield code="c">XA-GB</subfield>
      </datafield>
      <datafield tag="110" ind1="1" ind2=" ">
         <subfield code="a">West Yorkshire Archive Service – Calderdale Archive Service</subfield>
         <subfield code="c">Halifax, West Yorkshire</subfield>
         <subfield code="g">GB-HLFwyas</subfield>
      </datafield>
      <datafield tag="368" ind1=" " ind2=" ">
         <subfield code="a">Institution</subfield>
         <subfield code="a">Archive</subfield>
         <subfield code="a">Library</subfield>
      </datafield>
      <datafield tag="371" ind1=" " ind2=" ">
         <subfield code="a">WYAS Calderdale - Central Library and Archives</subfield>
         <subfield code="a">Square Road</subfield>
         <subfield code="b">Halifax</subfield>
         <subfield code="c">West Yorkshire</subfield>
         <subfield code="d">United Kingdom</subfield>
         <subfield code="e">HX1 1QG</subfield>
         <subfield code="m">calderdale@wyjs.org.uk</subfield>
         <subfield code="u">https://www.wyjs.org.uk/archive-service/contact-us-and-opening-times/calderdale-archive-service-opening-times-and-information/</subfield>
         <subfield code="z">tel: +44 / (0)113 535 3050</subfield>
      </datafield>
      <datafield tag="551" ind1="1" ind2=" ">
         <subfield code="a">Halifax</subfield>
         <subfield code="0">places/50021521</subfield>
      </datafield>
      <datafield tag="667" ind1=" " ind2=" ">
         <subfield code="a">Published sources: 332</subfield>
      </datafield>
   </record>