
   <record>
      <leader>00000nz  a2200000nc 4500</leader>
      <controlfield tag="001">institutions/51007273</controlfield>
      <controlfield tag="003">DE-633</controlfield>
      <controlfield tag="005">20250620052314.0</controlfield>
      <controlfield tag="008">230705||||z|||a|||||||||||||||||n||||||d</controlfield>
      <datafield tag="024" ind1="7" ind2=" ">
         <subfield code="a">GB-HOgm</subfield>
         <subfield code="q">siglum</subfield>
         <subfield code="2">rism</subfield>
      </datafield>
      <datafield tag="034" ind1="1" ind2=" ">
         <subfield code="d">-0.18434490279445745</subfield>
         <subfield code="f">50.837253947204246</subfield>
      </datafield>
      <datafield tag="040" ind1=" " ind2=" ">
         <subfield code="a">DE-633</subfield>
         <subfield code="c">DE-633</subfield>
         <subfield code="e">rismg</subfield>
      </datafield>
      <datafield tag="043" ind1=" " ind2=" ">
         <subfield code="c">XA-GB</subfield>
      </datafield>
      <datafield tag="110" ind1="1" ind2=" ">
         <subfield code="a">The Guitar Museum</subfield>
         <subfield code="c">Hove; Brighton and Hove</subfield>
         <subfield code="g">GB-HOgm</subfield>
      </datafield>
      <datafield tag="368" ind1=" " ind2=" ">
         <subfield code="a">Institution</subfield>
         <subfield code="a">Library</subfield>
         <subfield code="a">Museum</subfield>
      </datafield>
      <datafield tag="371" ind1=" " ind2=" ">
         <subfield code="a">1 Lullington Ave.</subfield>
         <subfield code="b">Hove BN3 7EQ</subfield>
         <subfield code="c">East Sussex</subfield>
         <subfield code="d">United Kingdom</subfield>
         <subfield code="m">j@theguitarmuseum.com</subfield>
         <subfield code="u">http://www.theguitarmuseum.com/</subfield>
         <subfield code="z">tel: +44 / (0)1273 / 746192</subfield>
      </datafield>
      <datafield tag="551" ind1="1" ind2=" ">
         <subfield code="a">Hove</subfield>
         <subfield code="0">places/50010241</subfield>
      </datafield>
      <datafield tag="551" ind1="1" ind2=" ">
         <subfield code="a">Brighton and Hove</subfield>
         <subfield code="0">places/50020272</subfield>
      </datafield>
      <datafield tag="680" ind1="1" ind2=" ">
         <subfield code="a">References for sheet music and other documents can be found on the museum's homepage under the menu item "Guitar Music".</subfield>
      </datafield>
   </record>