
   <record>
      <leader>00000nz  a2200000nc 4500</leader>
      <controlfield tag="001">institutions/51007256</controlfield>
      <controlfield tag="003">DE-633</controlfield>
      <controlfield tag="005">20250620052314.0</controlfield>
      <controlfield tag="008">230620||||z|||a|||||||||||||||||n||||||d</controlfield>
      <datafield tag="024" ind1="7" ind2=" ">
         <subfield code="a">Q3056815</subfield>
         <subfield code="2">WKP</subfield>
      </datafield>
      <datafield tag="024" ind1="7" ind2=" ">
         <subfield code="a">GB-HUDbmc</subfield>
         <subfield code="q">siglum</subfield>
         <subfield code="2">rism</subfield>
      </datafield>
      <datafield tag="034" ind1="1" ind2=" ">
         <subfield code="d">-1.776795131860969</subfield>
         <subfield code="f">53.6440894723807</subfield>
      </datafield>
      <datafield tag="040" ind1=" " ind2=" ">
         <subfield code="a">DE-633</subfield>
         <subfield code="c">DE-633</subfield>
         <subfield code="e">rismg</subfield>
      </datafield>
      <datafield tag="043" ind1=" " ind2=" ">
         <subfield code="c">XA-GB</subfield>
      </datafield>
      <datafield tag="110" ind1="1" ind2=" ">
         <subfield code="a">Heritage Quay, British Music Collection</subfield>
         <subfield code="c">Huddersfield</subfield>
         <subfield code="g">GB-HUDbmc</subfield>
      </datafield>
      <datafield tag="368" ind1=" " ind2=" ">
         <subfield code="a">Institution</subfield>
         <subfield code="a">Library</subfield>
         <subfield code="a">Archive</subfield>
      </datafield>
      <datafield tag="371" ind1=" " ind2=" ">
         <subfield code="a">Heritage Quay, University of Huddersfield</subfield>
         <subfield code="a">Schwann Building, Queensgate</subfield>
         <subfield code="b">Huddersfield HD1 3DH</subfield>
         <subfield code="d">United Kingdom</subfield>
         <subfield code="m">archives@hud.ac.uk</subfield>
         <subfield code="u">https://britishmusiccollection.org.uk/content/about-heritage-quay-and-british-music-collection</subfield>
         <subfield code="z">tel: +44 / (0)1484 / 473 168</subfield>
      </datafield>
      <datafield tag="551" ind1="1" ind2=" ">
         <subfield code="a">Huddersfield</subfield>
         <subfield code="0">places/8969</subfield>
      </datafield>
   </record>