
   <record>
      <leader>00000nz  a2200000nc 4500</leader>
      <controlfield tag="001">institutions/51008121</controlfield>
      <controlfield tag="003">DE-633</controlfield>
      <controlfield tag="005">20250620052320.0</controlfield>
      <controlfield tag="008">240718||||z|||a|||||||||||||||||n||||||d</controlfield>
      <datafield tag="024" ind1="7" ind2=" ">
         <subfield code="a">GB-HUDwyas</subfield>
         <subfield code="q">siglum</subfield>
         <subfield code="2">rism</subfield>
      </datafield>
      <datafield tag="034" ind1="1" ind2=" ">
         <subfield code="d">-1.7818685021225666</subfield>
         <subfield code="f">53.64505659058698</subfield>
      </datafield>
      <datafield tag="040" ind1=" " ind2=" ">
         <subfield code="a">DE-633</subfield>
         <subfield code="c">DE-633</subfield>
         <subfield code="e">rismg</subfield>
      </datafield>
      <datafield tag="043" ind1=" " ind2=" ">
         <subfield code="c">XA-GB</subfield>
      </datafield>
      <datafield tag="110" ind1="1" ind2=" ">
         <subfield code="a">West Yorkshire Archive Service – Kirklees Archive Service</subfield>
         <subfield code="c">Huddersfield</subfield>
         <subfield code="g">GB-HUDwyas</subfield>
      </datafield>
      <datafield tag="368" ind1=" " ind2=" ">
         <subfield code="a">Institution</subfield>
         <subfield code="a">Archive</subfield>
         <subfield code="a">Library</subfield>
      </datafield>
      <datafield tag="371" ind1=" " ind2=" ">
         <subfield code="a">16A Victoria Lane</subfield>
         <subfield code="b">Huddersfield</subfield>
         <subfield code="c">West Yorkshire</subfield>
         <subfield code="d">United Kingdom</subfield>
         <subfield code="e">HD1 2QF</subfield>
         <subfield code="m">kirklees@wyjs.org.uk</subfield>
         <subfield code="u">https://www.wyjs.org.uk/archive-service/contact-us-and-opening-times/kirklees-archive-service-opening-times-and-information/</subfield>
         <subfield code="z">tel: +44 / (0)113 / 535 3030</subfield>
      </datafield>
      <datafield tag="551" ind1="1" ind2=" ">
         <subfield code="a">Huddersfield</subfield>
         <subfield code="0">places/8969</subfield>
      </datafield>
   </record>