
   <record>
      <leader>00000nz  a2200000nc 4500</leader>
      <controlfield tag="001">institutions/51008118</controlfield>
      <controlfield tag="003">DE-633</controlfield>
      <controlfield tag="005">20250620052320.0</controlfield>
      <controlfield tag="008">240718||||z|||a|||||||||||||||||n||||||d</controlfield>
      <datafield tag="024" ind1="7" ind2=" ">
         <subfield code="a">Q28792382</subfield>
         <subfield code="2">WKP</subfield>
      </datafield>
      <datafield tag="024" ind1="7" ind2=" ">
         <subfield code="a">GB-HUha</subfield>
         <subfield code="q">siglum</subfield>
         <subfield code="2">rism</subfield>
      </datafield>
      <datafield tag="034" ind1="1" ind2=" ">
         <subfield code="d">-0.18426349179267792</subfield>
         <subfield code="f">52.3295333573177</subfield>
      </datafield>
      <datafield tag="040" ind1=" " ind2=" ">
         <subfield code="a">DE-633</subfield>
         <subfield code="c">DE-633</subfield>
         <subfield code="e">rismg</subfield>
      </datafield>
      <datafield tag="043" ind1=" " ind2=" ">
         <subfield code="c">XA-GB</subfield>
      </datafield>
      <datafield tag="110" ind1="1" ind2=" ">
         <subfield code="a">Huntingdonshire Archives</subfield>
         <subfield code="c">Huntingdon</subfield>
         <subfield code="g">GB-HUha</subfield>
      </datafield>
      <datafield tag="368" ind1=" " ind2=" ">
         <subfield code="a">Institution</subfield>
         <subfield code="a">Archive</subfield>
         <subfield code="a">Library</subfield>
      </datafield>
      <datafield tag="371" ind1=" " ind2=" ">
         <subfield code="a">Princes Street</subfield>
         <subfield code="b">Huntingdon</subfield>
         <subfield code="c">Huntingdonshire</subfield>
         <subfield code="d">United Kingdom</subfield>
         <subfield code="e">PE29 3PA</subfield>
         <subfield code="m">hunts.archives@cambridgeshire.gov.uk</subfield>
         <subfield code="u">https://www.cambridgeshire.gov.uk/residents/libraries-leisure-culture/archives/visit-the-archives/huntingdonshire-archives</subfield>
         <subfield code="z">tel: +44 / (0)1480 / 372738</subfield>
      </datafield>
      <datafield tag="551" ind1="1" ind2=" ">
         <subfield code="a">Huntingdon</subfield>
         <subfield code="0">places/50021001</subfield>
      </datafield>
   </record>