
   <record>
      <leader>00000nz  a2200000nc 4500</leader>
      <controlfield tag="001">institutions/51008117</controlfield>
      <controlfield tag="003">DE-633</controlfield>
      <controlfield tag="005">20250620052320.0</controlfield>
      <controlfield tag="008">240718||||z|||a|||||||||||||||||n||||||d</controlfield>
      <datafield tag="024" ind1="7" ind2=" ">
         <subfield code="a">Q22087101</subfield>
         <subfield code="2">WKP</subfield>
      </datafield>
      <datafield tag="024" ind1="7" ind2=" ">
         <subfield code="a">GB-Hharc</subfield>
         <subfield code="q">siglum</subfield>
         <subfield code="2">rism</subfield>
      </datafield>
      <datafield tag="034" ind1="1" ind2=" ">
         <subfield code="d">-2.687804375570625</subfield>
         <subfield code="f">52.03871177117844</subfield>
      </datafield>
      <datafield tag="040" ind1=" " ind2=" ">
         <subfield code="a">DE-633</subfield>
         <subfield code="c">DE-633</subfield>
         <subfield code="e">rismg</subfield>
      </datafield>
      <datafield tag="043" ind1=" " ind2=" ">
         <subfield code="c">XA-GB</subfield>
      </datafield>
      <datafield tag="110" ind1="1" ind2=" ">
         <subfield code="a">Herefordshire Archive and Records Centre</subfield>
         <subfield code="c">Hereford</subfield>
         <subfield code="g">GB-Hharc</subfield>
      </datafield>
      <datafield tag="368" ind1=" " ind2=" ">
         <subfield code="a">Institution</subfield>
         <subfield code="a">Archive</subfield>
         <subfield code="a">Library</subfield>
      </datafield>
      <datafield tag="371" ind1=" " ind2=" ">
         <subfield code="a">Fir Tree Lane, Rotherwas</subfield>
         <subfield code="b">Hereford</subfield>
         <subfield code="c">Herefordshire</subfield>
         <subfield code="d">United Kingdom</subfield>
         <subfield code="e">HR2 6LA</subfield>
         <subfield code="m">archives@herefordshire.gov.uk</subfield>
         <subfield code="u">https://www.herefordshire.gov.uk/herefordshire-archive-records-centre/visit-herefordshire-archive-records-centre</subfield>
         <subfield code="z">tel: +44 / (0)1432 / 260750</subfield>
      </datafield>
      <datafield tag="551" ind1="1" ind2=" ">
         <subfield code="a">Hereford</subfield>
         <subfield code="0">places/3903230</subfield>
      </datafield>
   </record>