
   <record>
      <leader>00000nz  a2200000nc 4500</leader>
      <controlfield tag="001">institutions/30004085</controlfield>
      <controlfield tag="003">DE-633</controlfield>
      <controlfield tag="005">20250926064033.0</controlfield>
      <controlfield tag="008">161109||||z|||a|||||||||||||||||n||||||d</controlfield>
      <datafield tag="024" ind1="7" ind2=" ">
         <subfield code="a">Q23018824</subfield>
         <subfield code="2">WKP</subfield>
      </datafield>
      <datafield tag="024" ind1="7" ind2=" ">
         <subfield code="a">GB-Ir</subfield>
         <subfield code="q">siglum</subfield>
         <subfield code="2">rism</subfield>
      </datafield>
      <datafield tag="034" ind1="1" ind2=" ">
         <subfield code="d">1.1636260773540452</subfield>
         <subfield code="f">52.05325153603417</subfield>
      </datafield>
      <datafield tag="040" ind1=" " ind2=" ">
         <subfield code="a">DE-633</subfield>
         <subfield code="c">DE-633</subfield>
         <subfield code="e">rismg</subfield>
      </datafield>
      <datafield tag="043" ind1=" " ind2=" ">
         <subfield code="c">XA-GB</subfield>
      </datafield>
      <datafield tag="110" ind1="1" ind2=" ">
         <subfield code="a">Suffolk Archives</subfield>
         <subfield code="c">Ipswich</subfield>
         <subfield code="g">GB-Ir</subfield>
      </datafield>
      <datafield tag="368" ind1=" " ind2=" ">
         <subfield code="a">Institution</subfield>
         <subfield code="a">Archive</subfield>
         <subfield code="a">Library</subfield>
      </datafield>
      <datafield tag="371" ind1=" " ind2=" ">
         <subfield code="a">The Hold</subfield>
         <subfield code="a">131 Fore Street</subfield>
         <subfield code="b">Ipswich</subfield>
         <subfield code="c">Suffolk</subfield>
         <subfield code="d">United Kingdom</subfield>
         <subfield code="e">IP4 1LR</subfield>
         <subfield code="m">archives@suffolk.gov.uk</subfield>
         <subfield code="u">https://www.suffolkarchives.co.uk/</subfield>
         <subfield code="z">tel: +44 / 01473 296666</subfield>
      </datafield>
      <datafield tag="410" ind1=" " ind2=" ">
         <subfield code="a">Suffolk Record Office</subfield>
      </datafield>
      <datafield tag="551" ind1="1" ind2=" ">
         <subfield code="a">Ipswich</subfield>
         <subfield code="0">places/3904090</subfield>
      </datafield>
      <datafield tag="667" ind1=" " ind2=" ">
         <subfield code="a">Published sources: 47</subfield>
      </datafield>
      <datafield tag="678" ind1="1" ind2=" ">
         <subfield code="a">The branch in Bury St Edmunds is now closed and all the collections moved to Suffolk Archives, GB-Ir. [Note from September 2025]</subfield>
      </datafield>
   </record>