
   <record>
      <leader>00000nz  a2200000nc 4500</leader>
      <controlfield tag="001">institutions/51003364</controlfield>
      <controlfield tag="003">DE-633</controlfield>
      <controlfield tag="005">20250620052250.0</controlfield>
      <controlfield tag="008">191008||||z|||a|||||||||||||||||n||||||d</controlfield>
      <datafield tag="024" ind1="7" ind2=" ">
         <subfield code="a">Q4949432</subfield>
         <subfield code="2">WKP</subfield>
      </datafield>
      <datafield tag="024" ind1="7" ind2=" ">
         <subfield code="a">GB-KETmmc</subfield>
         <subfield code="q">siglum</subfield>
         <subfield code="2">rism</subfield>
      </datafield>
      <datafield tag="034" ind1="1" ind2=" ">
         <subfield code="d">-0.676855</subfield>
         <subfield code="f">52.424267</subfield>
      </datafield>
      <datafield tag="040" ind1=" " ind2=" ">
         <subfield code="a">DE-633</subfield>
         <subfield code="c">DE-633</subfield>
         <subfield code="e">rismg</subfield>
      </datafield>
      <datafield tag="043" ind1=" " ind2=" ">
         <subfield code="c">XA-GB</subfield>
      </datafield>
      <datafield tag="110" ind1="1" ind2=" ">
         <subfield code="a">Montagu Music Collection at Boughton House</subfield>
         <subfield code="c">Kettering</subfield>
         <subfield code="g">GB-KETmmc</subfield>
      </datafield>
      <datafield tag="368" ind1=" " ind2=" ">
         <subfield code="a">Institution</subfield>
         <subfield code="a">Library</subfield>
      </datafield>
      <datafield tag="371" ind1=" " ind2=" ">
         <subfield code="a">Montagu Music Collection</subfield>
         <subfield code="a">Boughton House</subfield>
         <subfield code="b">Kettering NN14 1BJ</subfield>
         <subfield code="c">County Northamptonshire</subfield>
         <subfield code="d">United Kingdom</subfield>
         <subfield code="u">https://www.boughtonhouse.co.uk/</subfield>
      </datafield>
      <datafield tag="551" ind1="1" ind2=" ">
         <subfield code="a">Kettering</subfield>
         <subfield code="0">places/3905051</subfield>
      </datafield>
      <datafield tag="667" ind1=" " ind2=" ">
         <subfield code="a">Published sources: 109</subfield>
      </datafield>
   </record>