
   <record>
      <leader>00000nz  a2200000nc 4500</leader>
      <controlfield tag="001">institutions/51005127</controlfield>
      <controlfield tag="003">DE-633</controlfield>
      <controlfield tag="005">20250620052300.0</controlfield>
      <controlfield tag="008">210422||||z|||a|||||||||||||||||n||||||d</controlfield>
      <datafield tag="024" ind1="7" ind2=" ">
         <subfield code="a">Q1816905</subfield>
         <subfield code="2">WKP</subfield>
      </datafield>
      <datafield tag="024" ind1="7" ind2=" ">
         <subfield code="a">GB-LAM</subfield>
         <subfield code="q">siglum</subfield>
         <subfield code="2">rism</subfield>
      </datafield>
      <datafield tag="034" ind1="1" ind2=" ">
         <subfield code="d">-4.075313905113229</subfield>
         <subfield code="f">52.114350591173995</subfield>
      </datafield>
      <datafield tag="040" ind1=" " ind2=" ">
         <subfield code="a">DE-633</subfield>
         <subfield code="c">DE-633</subfield>
         <subfield code="e">rismg</subfield>
      </datafield>
      <datafield tag="043" ind1=" " ind2=" ">
         <subfield code="c">XA-GB</subfield>
      </datafield>
      <datafield tag="110" ind1="1" ind2=" ">
         <subfield code="a">University of Wales Trinity Saint David - Lampeter campus</subfield>
         <subfield code="c">Lampeter</subfield>
         <subfield code="g">GB-LAM</subfield>
      </datafield>
      <datafield tag="368" ind1=" " ind2=" ">
         <subfield code="a">Institution</subfield>
         <subfield code="a">Library</subfield>
      </datafield>
      <datafield tag="371" ind1=" " ind2=" ">
         <subfield code="a">College St</subfield>
         <subfield code="b">Lampeter SA48 7ED</subfield>
         <subfield code="c">Wales</subfield>
         <subfield code="d">United Kingdom</subfield>
         <subfield code="u">https://www.uwtsd.ac.uk/lampeter/</subfield>
         <subfield code="z">tel: +44 / (0)1570 / 422351</subfield>
      </datafield>
      <datafield tag="410" ind1=" " ind2=" ">
         <subfield code="a">University of Wales, Lampeter</subfield>
      </datafield>
      <datafield tag="551" ind1="1" ind2=" ">
         <subfield code="a">Lampeter</subfield>
         <subfield code="0">places/50004402</subfield>
      </datafield>
      <datafield tag="678" ind1="1" ind2=" ">
         <subfield code="a">University of Wales, Lampeter was a university in Lampeter, Wales. Founded in 1822, and incorporated by royal charter in 1828, it was the oldest degree awarding institution in Wales, with limited degree awarding powers since 1852. It was a self-governing college of the University of Wales from 1972 until its merger (under its 1828 charter) with Trinity University College in 2010 to form the University of Wales Trinity Saint David.</subfield>
      </datafield>
   </record>