
   <record>
      <leader>00000nz  a2200000nc 4500</leader>
      <controlfield tag="001">institutions/51002679</controlfield>
      <controlfield tag="003">DE-633</controlfield>
      <controlfield tag="005">20250620052246.0</controlfield>
      <controlfield tag="008">190218||||z|||a|||||||||||||||||n||||||d</controlfield>
      <datafield tag="024" ind1="7" ind2=" ">
         <subfield code="a">GB-LEwyas</subfield>
         <subfield code="q">siglum</subfield>
         <subfield code="2">rism</subfield>
      </datafield>
      <datafield tag="034" ind1="1" ind2=" ">
         <subfield code="d">-1.625686</subfield>
         <subfield code="f">53.747514</subfield>
      </datafield>
      <datafield tag="040" ind1=" " ind2=" ">
         <subfield code="a">DE-633</subfield>
         <subfield code="c">DE-633</subfield>
         <subfield code="e">rismg</subfield>
      </datafield>
      <datafield tag="043" ind1=" " ind2=" ">
         <subfield code="c">XA-GB</subfield>
      </datafield>
      <datafield tag="110" ind1="1" ind2=" ">
         <subfield code="a">West Yorkshire Archive Service - District office Leeds</subfield>
         <subfield code="c">Leeds</subfield>
         <subfield code="g">GB-LEwyas</subfield>
      </datafield>
      <datafield tag="368" ind1=" " ind2=" ">
         <subfield code="a">Institution</subfield>
         <subfield code="a">Library</subfield>
         <subfield code="a">Archive</subfield>
      </datafield>
      <datafield tag="371" ind1=" " ind2=" ">
         <subfield code="a">By post: West Yorkshire Joint Services</subfield>
         <subfield code="a">Nepshaw Lane South, Morley</subfield>
         <subfield code="b">Leeds, LS27 7JQ</subfield>
         <subfield code="d">United Kingdom</subfield>
         <subfield code="m">leeds@wyjs.org.uk</subfield>
         <subfield code="u">https://www.wyjs.org.uk/archive-service/</subfield>
         <subfield code="z">tel: +44 / (0)113 / 535 0155</subfield>
      </datafield>
      <datafield tag="551" ind1="1" ind2=" ">
         <subfield code="a">Leeds</subfield>
         <subfield code="0">places/3900742</subfield>
      </datafield>
   </record>