
   <record>
      <leader>00000nz  a2200000nc 4500</leader>
      <controlfield tag="001">institutions/51003666</controlfield>
      <controlfield tag="003">DE-633</controlfield>
      <controlfield tag="005">20250620052251.0</controlfield>
      <controlfield tag="008">200107||||z|||a|||||||||||||||||n||||||d</controlfield>
      <datafield tag="024" ind1="7" ind2=" ">
         <subfield code="a">GB-Lbh</subfield>
         <subfield code="q">siglum</subfield>
         <subfield code="2">rism</subfield>
      </datafield>
      <datafield tag="034" ind1="1" ind2=" ">
         <subfield code="d">-0.100347</subfield>
         <subfield code="f">51.517794</subfield>
      </datafield>
      <datafield tag="040" ind1=" " ind2=" ">
         <subfield code="a">DE-633</subfield>
         <subfield code="c">DE-633</subfield>
         <subfield code="e">rismg</subfield>
      </datafield>
      <datafield tag="043" ind1=" " ind2=" ">
         <subfield code="c">XA-GB</subfield>
      </datafield>
      <datafield tag="110" ind1="1" ind2=" ">
         <subfield code="a">St Bartholomew's Hospital museum and archives</subfield>
         <subfield code="c">London</subfield>
         <subfield code="g">GB-Lbh</subfield>
      </datafield>
      <datafield tag="368" ind1=" " ind2=" ">
         <subfield code="a">Institution</subfield>
         <subfield code="a">Library</subfield>
         <subfield code="a">Archive</subfield>
      </datafield>
      <datafield tag="371" ind1=" " ind2=" ">
         <subfield code="a">North Wing, St Bartholomew’s Hospital, West Smithfield</subfield>
         <subfield code="b">London EC1A 7BE</subfield>
         <subfield code="d">United Kingdom</subfield>
         <subfield code="m">barts.archives@nhs.net</subfield>
         <subfield code="u">https://www.bartshealth.nhs.uk/st-bartholomews-museum-and-archives</subfield>
         <subfield code="z">tel: +44 / 020 / 3465 5798</subfield>
      </datafield>
      <datafield tag="551" ind1="1" ind2=" ">
         <subfield code="a">London</subfield>
         <subfield code="0">places/3900003</subfield>
      </datafield>
   </record>