
   <record>
      <leader>00000nz  a2200000nc 4500</leader>
      <controlfield tag="001">institutions/30001582</controlfield>
      <controlfield tag="003">DE-633</controlfield>
      <controlfield tag="005">20250620052005.0</controlfield>
      <controlfield tag="008">161109||||z|||a|||||||||||||||||n||||||d</controlfield>
      <datafield tag="024" ind1="7" ind2=" ">
         <subfield code="a">GB-Lcm</subfield>
         <subfield code="q">siglum</subfield>
         <subfield code="2">rism</subfield>
      </datafield>
      <datafield tag="034" ind1="1" ind2=" ">
         <subfield code="d">-0.176944</subfield>
         <subfield code="f">51.499722</subfield>
      </datafield>
      <datafield tag="040" ind1=" " ind2=" ">
         <subfield code="a">DE-633</subfield>
         <subfield code="c">DE-633</subfield>
         <subfield code="e">rismg</subfield>
      </datafield>
      <datafield tag="043" ind1=" " ind2=" ">
         <subfield code="c">XA-GB</subfield>
      </datafield>
      <datafield tag="110" ind1="1" ind2=" ">
         <subfield code="a">Royal College of Music</subfield>
         <subfield code="c">London</subfield>
         <subfield code="g">GB-Lcm</subfield>
      </datafield>
      <datafield tag="368" ind1=" " ind2=" ">
         <subfield code="a">Library</subfield>
      </datafield>
      <datafield tag="368" ind1=" " ind2=" ">
         <subfield code="a">Institution</subfield>
      </datafield>
      <datafield tag="371" ind1=" " ind2=" ">
         <subfield code="a">Royal College of Music, Prince Consort Road, London SW7 2BS, United Kingdom</subfield>
         <subfield code="u">http://www.rcm.ac.uk/</subfield>
      </datafield>
      <datafield tag="551" ind1="1" ind2=" ">
         <subfield code="a">London</subfield>
         <subfield code="0">places/3900003</subfield>
      </datafield>
      <datafield tag="667" ind1=" " ind2=" ">
         <subfield code="a">Published sources: 3525</subfield>
      </datafield>
   </record>