
   <record>
      <leader>00000nz  a2200000nc 4500</leader>
      <controlfield tag="001">institutions/30076079</controlfield>
      <controlfield tag="003">DE-633</controlfield>
      <controlfield tag="005">20250620052109.0</controlfield>
      <controlfield tag="008">161109||||z|||a|||||||||||||||||n||||||d</controlfield>
      <datafield tag="024" ind1="7" ind2=" ">
         <subfield code="a">GB-UkLoGSMD</subfield>
         <subfield code="2">ISIL</subfield>
      </datafield>
      <datafield tag="024" ind1="7" ind2=" ">
         <subfield code="a">121581874</subfield>
         <subfield code="2">VIAF</subfield>
      </datafield>
      <datafield tag="024" ind1="7" ind2=" ">
         <subfield code="a">GB-Lgs</subfield>
         <subfield code="q">siglum</subfield>
         <subfield code="2">rism</subfield>
      </datafield>
      <datafield tag="034" ind1="1" ind2=" ">
         <subfield code="d">-0.090659</subfield>
         <subfield code="f">51.519630</subfield>
      </datafield>
      <datafield tag="040" ind1=" " ind2=" ">
         <subfield code="a">DE-633</subfield>
         <subfield code="c">DE-633</subfield>
         <subfield code="e">rismg</subfield>
      </datafield>
      <datafield tag="043" ind1=" " ind2=" ">
         <subfield code="c">XA-GB</subfield>
      </datafield>
      <datafield tag="110" ind1="1" ind2=" ">
         <subfield code="a">Guildhall School of Music &amp; Drama</subfield>
         <subfield code="c">London</subfield>
         <subfield code="g">GB-Lgs</subfield>
      </datafield>
      <datafield tag="368" ind1=" " ind2=" ">
         <subfield code="a">Institution</subfield>
         <subfield code="a">Library</subfield>
      </datafield>
      <datafield tag="371" ind1=" " ind2=" ">
         <subfield code="a">Silk Street</subfield>
         <subfield code="a">Barbican</subfield>
         <subfield code="b">London</subfield>
         <subfield code="d">United Kingdom</subfield>
         <subfield code="e">EC2Y 8DT</subfield>
         <subfield code="m">library@gsmd.ac.uk</subfield>
         <subfield code="u">http://www.gsmd.ac.uk</subfield>
         <subfield code="z">tel: +44 / (0)20 / 7382 7178</subfield>
      </datafield>
      <datafield tag="551" ind1="1" ind2=" ">
         <subfield code="a">London</subfield>
         <subfield code="0">places/3900003</subfield>
      </datafield>
   </record>