
   <record>
      <leader>00000nz  a2200000nc 4500</leader>
      <controlfield tag="001">institutions/51006925</controlfield>
      <controlfield tag="003">DE-633</controlfield>
      <controlfield tag="005">20250620052311.0</controlfield>
      <controlfield tag="008">221124||||z|||a|||||||||||||||||n||||||d</controlfield>
      <datafield tag="024" ind1="7" ind2=" ">
         <subfield code="a">GB-Lrohc</subfield>
         <subfield code="q">siglum</subfield>
         <subfield code="2">rism</subfield>
      </datafield>
      <datafield tag="034" ind1="1" ind2=" ">
         <subfield code="d">-0.12220478546936626</subfield>
         <subfield code="f">51.51292425713315</subfield>
      </datafield>
      <datafield tag="040" ind1=" " ind2=" ">
         <subfield code="a">DE-633</subfield>
         <subfield code="c">DE-633</subfield>
         <subfield code="e">rismg</subfield>
      </datafield>
      <datafield tag="043" ind1=" " ind2=" ">
         <subfield code="c">XA-GB</subfield>
      </datafield>
      <datafield tag="110" ind1="1" ind2=" ">
         <subfield code="a">Royal Opera House Collections</subfield>
         <subfield code="c">London</subfield>
         <subfield code="g">GB-Lrohc</subfield>
      </datafield>
      <datafield tag="368" ind1=" " ind2=" ">
         <subfield code="a">Institution</subfield>
         <subfield code="a">Library</subfield>
         <subfield code="a">Archive</subfield>
      </datafield>
      <datafield tag="371" ind1=" " ind2=" ">
         <subfield code="a">Royal Opera House, Covent Garden</subfield>
         <subfield code="a">Bow Street</subfield>
         <subfield code="b">London, WC2E 9DD</subfield>
         <subfield code="d">United Kingdom</subfield>
         <subfield code="m">archive.enquires@roh.org.uk</subfield>
         <subfield code="u">https://www.roh.org.uk/about/roh-archive</subfield>
         <subfield code="z">tel: +44 / (0)20 / 7212 9353</subfield>
      </datafield>
      <datafield tag="410" ind1=" " ind2=" ">
         <subfield code="a">Royal Opera House Archive and Collections</subfield>
      </datafield>
      <datafield tag="410" ind1=" " ind2=" ">
         <subfield code="a">ROH Collections</subfield>
      </datafield>
      <datafield tag="551" ind1="1" ind2=" ">
         <subfield code="a">London</subfield>
         <subfield code="0">places/3900003</subfield>
      </datafield>
   </record>