
   <record>
      <leader>00000nz  a2200000nc 4500</leader>
      <controlfield tag="001">institutions/30001600</controlfield>
      <controlfield tag="003">DE-633</controlfield>
      <controlfield tag="005">20250620052006.0</controlfield>
      <controlfield tag="008">161109||||z|||a|||||||||||||||||n||||||d</controlfield>
      <datafield tag="024" ind1="7" ind2=" ">
         <subfield code="a">GB-Ltc</subfield>
         <subfield code="q">siglum</subfield>
         <subfield code="2">rism</subfield>
      </datafield>
      <datafield tag="034" ind1="1" ind2=" ">
         <subfield code="d">-0.006479008304543003</subfield>
         <subfield code="f">51.483148180982326</subfield>
      </datafield>
      <datafield tag="040" ind1=" " ind2=" ">
         <subfield code="a">DE-633</subfield>
         <subfield code="c">DE-633</subfield>
         <subfield code="e">rismg</subfield>
      </datafield>
      <datafield tag="043" ind1=" " ind2=" ">
         <subfield code="c">XA-GB</subfield>
      </datafield>
      <datafield tag="110" ind1="1" ind2=" ">
         <subfield code="a">Trinity Laban Conservatoire of Music and Dance, Jerwood Library</subfield>
         <subfield code="c">London</subfield>
         <subfield code="g">GB-Ltc</subfield>
      </datafield>
      <datafield tag="368" ind1=" " ind2=" ">
         <subfield code="a">Institution</subfield>
         <subfield code="a">Library</subfield>
      </datafield>
      <datafield tag="371" ind1=" " ind2=" ">
         <subfield code="a">King Charles Court, Music Faculty building</subfield>
         <subfield code="a">Old Royal Naval College</subfield>
         <subfield code="b">London SE10 9JF</subfield>
         <subfield code="d">United Kingdom</subfield>
         <subfield code="m">jlpa@trinitylaban.ac.uk</subfield>
         <subfield code="u">https://www.trinitylaban.ac.uk/about-us/facilities/faculty-of-music/jerwood-library</subfield>
         <subfield code="u">https://www.trinitylaban.ac.uk/about-us/history/</subfield>
         <subfield code="z">tel: +44 / (0)20 / 8305 3951</subfield>
      </datafield>
      <datafield tag="410" ind1=" " ind2=" ">
         <subfield code="a">Trinity College of Music</subfield>
      </datafield>
      <datafield tag="551" ind1="1" ind2=" ">
         <subfield code="a">London</subfield>
         <subfield code="0">places/3900003</subfield>
      </datafield>
      <datafield tag="667" ind1=" " ind2=" ">
         <subfield code="a">Published sources: 183</subfield>
      </datafield>
      <datafield tag="678" ind1="1" ind2=" ">
         <subfield code="a">Trinity Laban Conservatoire of Music and Dance was formed by a merger in 2005 between Trinity College of Music in Greenwich and the Laban Centre in Deptford.</subfield>
      </datafield>
   </record>