
   <record>
      <leader>00000nz  a2200000nc 4500</leader>
      <controlfield tag="001">institutions/30001604</controlfield>
      <controlfield tag="003">DE-633</controlfield>
      <controlfield tag="005">20250620052006.0</controlfield>
      <controlfield tag="008">161109||||z|||a|||||||||||||||||n||||||d</controlfield>
      <datafield tag="024" ind1="7" ind2=" ">
         <subfield code="a">GB-Lwa</subfield>
         <subfield code="q">siglum</subfield>
         <subfield code="2">rism</subfield>
      </datafield>
      <datafield tag="040" ind1=" " ind2=" ">
         <subfield code="a">DE-633</subfield>
         <subfield code="c">DE-633</subfield>
         <subfield code="e">rismg</subfield>
      </datafield>
      <datafield tag="043" ind1=" " ind2=" ">
         <subfield code="c">XA-GB</subfield>
      </datafield>
      <datafield tag="110" ind1="2" ind2=" ">
         <subfield code="a">Westminster Abbey Library</subfield>
         <subfield code="c">London</subfield>
         <subfield code="g">GB-Lwa</subfield>
      </datafield>
      <datafield tag="368" ind1=" " ind2=" ">
         <subfield code="a">Library</subfield>
      </datafield>
      <datafield tag="368" ind1=" " ind2=" ">
         <subfield code="a">Institution</subfield>
      </datafield>
      <datafield tag="371" ind1=" " ind2=" ">
         <subfield code="a">Westminster Abbey Library, East Cloister, London SW1P 3PA, United Kingdom</subfield>
         <subfield code="u">http://www.westminster-abbey.org/library-research</subfield>
      </datafield>
      <datafield tag="551" ind1=" " ind2=" ">
         <subfield code="a">London</subfield>
         <subfield code="0">places/3900003</subfield>
      </datafield>
      <datafield tag="667" ind1=" " ind2=" ">
         <subfield code="a">Published sources: 331</subfield>
      </datafield>
   </record>