
   <record>
      <leader>00000nz  a2200000nc 4500</leader>
      <controlfield tag="001">institutions/30001622</controlfield>
      <controlfield tag="003">DE-633</controlfield>
      <controlfield tag="005">20250620052006.0</controlfield>
      <controlfield tag="008">161109||||z|||a|||||||||||||||||n||||||d</controlfield>
      <datafield tag="024" ind1="7" ind2=" ">
         <subfield code="a">Q6753212</subfield>
         <subfield code="2">WKP</subfield>
      </datafield>
      <datafield tag="024" ind1="7" ind2=" ">
         <subfield code="a">GB-NO</subfield>
         <subfield code="q">siglum</subfield>
         <subfield code="2">rism</subfield>
      </datafield>
      <datafield tag="034" ind1="1" ind2=" ">
         <subfield code="d">-1.171742383625341</subfield>
         <subfield code="f">52.93867894707756</subfield>
      </datafield>
      <datafield tag="040" ind1=" " ind2=" ">
         <subfield code="a">DE-633</subfield>
         <subfield code="c">DE-633</subfield>
         <subfield code="e">rismg</subfield>
      </datafield>
      <datafield tag="043" ind1=" " ind2=" ">
         <subfield code="c">XA-GB</subfield>
      </datafield>
      <datafield tag="110" ind1="1" ind2=" ">
         <subfield code="a">University of Nottingham, Manuscripts and Special Collections</subfield>
         <subfield code="c">Nottingham</subfield>
         <subfield code="g">GB-NO</subfield>
      </datafield>
      <datafield tag="368" ind1=" " ind2=" ">
         <subfield code="a">Institution</subfield>
         <subfield code="a">Library</subfield>
      </datafield>
      <datafield tag="371" ind1=" " ind2=" ">
         <subfield code="a">Kings Meadow Campus</subfield>
         <subfield code="a">Lenton Lane</subfield>
         <subfield code="b">Nottingham</subfield>
         <subfield code="d">United Kingdom</subfield>
         <subfield code="e">NG7 2NR</subfield>
         <subfield code="m">mss-library@nottingham.ac.uk</subfield>
         <subfield code="u">https://www.nottingham.ac.uk/ManuscriptsandSpecialCollections/index.aspx</subfield>
         <subfield code="z">tel: +44 / (0)115 / 951 4565</subfield>
         <subfield code="z">fax: +44 / (0)115 / 846 8651</subfield>
      </datafield>
      <datafield tag="410" ind1=" " ind2=" ">
         <subfield code="a">University Library</subfield>
      </datafield>
      <datafield tag="551" ind1="1" ind2=" ">
         <subfield code="a">Nottingham</subfield>
         <subfield code="0">places/3900622</subfield>
      </datafield>
      <datafield tag="667" ind1=" " ind2=" ">
         <subfield code="a">Published sources: 2</subfield>
      </datafield>
   </record>