
   <record>
      <leader>00000nz  a2200000nc 4500</leader>
      <controlfield tag="001">institutions/51008119</controlfield>
      <controlfield tag="003">DE-633</controlfield>
      <controlfield tag="005">20250620052320.0</controlfield>
      <controlfield tag="008">240718||||z|||a|||||||||||||||||n||||||d</controlfield>
      <datafield tag="024" ind1="7" ind2=" ">
         <subfield code="a">Q23018707</subfield>
         <subfield code="2">WKP</subfield>
      </datafield>
      <datafield tag="024" ind1="7" ind2=" ">
         <subfield code="a">GB-NTHcro</subfield>
         <subfield code="q">siglum</subfield>
         <subfield code="2">rism</subfield>
      </datafield>
      <datafield tag="034" ind1="1" ind2=" ">
         <subfield code="d">-1.4393620487401946</subfield>
         <subfield code="f">54.335234370669184</subfield>
      </datafield>
      <datafield tag="040" ind1=" " ind2=" ">
         <subfield code="a">DE-633</subfield>
         <subfield code="c">DE-633</subfield>
         <subfield code="e">rismg</subfield>
      </datafield>
      <datafield tag="043" ind1=" " ind2=" ">
         <subfield code="c">XA-GB</subfield>
      </datafield>
      <datafield tag="110" ind1="1" ind2=" ">
         <subfield code="a">North Yorkshire County Record Office</subfield>
         <subfield code="c">Northallerton</subfield>
         <subfield code="g">GB-NTHcro</subfield>
      </datafield>
      <datafield tag="368" ind1=" " ind2=" ">
         <subfield code="a">Institution</subfield>
         <subfield code="a">Archive</subfield>
         <subfield code="a">Library</subfield>
      </datafield>
      <datafield tag="371" ind1=" " ind2=" ">
         <subfield code="a">76-86 Malpas Rd</subfield>
         <subfield code="b">Northallerton</subfield>
         <subfield code="c">North Yorkshire</subfield>
         <subfield code="d">United Kingdom</subfield>
         <subfield code="e">DL7 8TB</subfield>
         <subfield code="m">archives@northyorks.gov.uk</subfield>
         <subfield code="u">https://www.northyorks.gov.uk/county-record-office</subfield>
         <subfield code="z">tel: +44 / (0)1609 / 777585</subfield>
      </datafield>
      <datafield tag="551" ind1="1" ind2=" ">
         <subfield code="a">Northallerton</subfield>
         <subfield code="0">places/50021002</subfield>
      </datafield>
   </record>