
   <record>
      <leader>00000nz  a2200000nc 4500</leader>
      <controlfield tag="001">institutions/51004095</controlfield>
      <controlfield tag="003">DE-633</controlfield>
      <controlfield tag="005">20250620052254.0</controlfield>
      <controlfield tag="008">200625||||z|||a|||||||||||||||||n||||||d</controlfield>
      <datafield tag="024" ind1="7" ind2=" ">
         <subfield code="a">141569308</subfield>
         <subfield code="2">VIAF</subfield>
      </datafield>
      <datafield tag="024" ind1="7" ind2=" ">
         <subfield code="a">Q636400</subfield>
         <subfield code="2">WKP</subfield>
      </datafield>
      <datafield tag="024" ind1="7" ind2=" ">
         <subfield code="a">GB-Oam</subfield>
         <subfield code="q">siglum</subfield>
         <subfield code="2">rism</subfield>
      </datafield>
      <datafield tag="034" ind1="1" ind2=" ">
         <subfield code="d">-1.259974</subfield>
         <subfield code="f">51.755377</subfield>
      </datafield>
      <datafield tag="040" ind1=" " ind2=" ">
         <subfield code="a">DE-633</subfield>
         <subfield code="c">DE-633</subfield>
         <subfield code="e">rismg</subfield>
      </datafield>
      <datafield tag="043" ind1=" " ind2=" ">
         <subfield code="c">XA-GB</subfield>
      </datafield>
      <datafield tag="110" ind1="1" ind2=" ">
         <subfield code="a">Ashmolean Museum</subfield>
         <subfield code="c">Oxford</subfield>
         <subfield code="g">GB-Oam</subfield>
      </datafield>
      <datafield tag="368" ind1=" " ind2=" ">
         <subfield code="a">Institution</subfield>
         <subfield code="a">Library</subfield>
         <subfield code="a">Museum</subfield>
      </datafield>
      <datafield tag="371" ind1=" " ind2=" ">
         <subfield code="a">Beaumont Street</subfield>
         <subfield code="b">Oxford OX1 2PH</subfield>
         <subfield code="d">United Kingdom</subfield>
         <subfield code="u">https://www.ashmolean.org/</subfield>
         <subfield code="z">tel: +44 / (0)1865 / 278000</subfield>
      </datafield>
      <datafield tag="551" ind1="1" ind2=" ">
         <subfield code="a">Oxford</subfield>
         <subfield code="0">places/3900626</subfield>
      </datafield>
   </record>