
   <record>
      <leader>00000nz  a2200000nc 4500</leader>
      <controlfield tag="001">institutions/51007238</controlfield>
      <controlfield tag="003">DE-633</controlfield>
      <controlfield tag="005">20250620052313.0</controlfield>
      <controlfield tag="008">230609||||z|||a|||||||||||||||||n||||||d</controlfield>
      <datafield tag="024" ind1="7" ind2=" ">
         <subfield code="a">134830103</subfield>
         <subfield code="2">VIAF</subfield>
      </datafield>
      <datafield tag="024" ind1="7" ind2=" ">
         <subfield code="a">GB-Oec</subfield>
         <subfield code="q">siglum</subfield>
         <subfield code="2">rism</subfield>
      </datafield>
      <datafield tag="034" ind1="1" ind2=" ">
         <subfield code="d">-1.255826839499842</subfield>
         <subfield code="f">51.75369655510355</subfield>
      </datafield>
      <datafield tag="040" ind1=" " ind2=" ">
         <subfield code="a">DE-633</subfield>
         <subfield code="c">DE-633</subfield>
         <subfield code="e">rismg</subfield>
      </datafield>
      <datafield tag="043" ind1=" " ind2=" ">
         <subfield code="c">XA-GB</subfield>
      </datafield>
      <datafield tag="110" ind1="1" ind2=" ">
         <subfield code="a">Exeter College</subfield>
         <subfield code="c">Oxford</subfield>
         <subfield code="g">GB-Oec</subfield>
      </datafield>
      <datafield tag="368" ind1=" " ind2=" ">
         <subfield code="a">Institution</subfield>
         <subfield code="a">Library</subfield>
      </datafield>
      <datafield tag="371" ind1=" " ind2=" ">
         <subfield code="a">21 Turl St</subfield>
         <subfield code="b">Oxford OX1 3DH</subfield>
         <subfield code="d">United Kingdom</subfield>
         <subfield code="m">library@exeter.ox.ac.uk</subfield>
         <subfield code="u">https://www.exeter.ox.ac.uk/library-archives-and-special-collections/</subfield>
         <subfield code="z">tel: +44 / 01865 / 279657</subfield>
      </datafield>
      <datafield tag="551" ind1="1" ind2=" ">
         <subfield code="a">Oxford</subfield>
         <subfield code="0">places/3900626</subfield>
      </datafield>
   </record>