
   <record>
      <leader>00000nz  a2200000nc 4500</leader>
      <controlfield tag="001">institutions/51007236</controlfield>
      <controlfield tag="003">DE-633</controlfield>
      <controlfield tag="005">20250620052313.0</controlfield>
      <controlfield tag="008">230609||||z|||a|||||||||||||||||n||||||d</controlfield>
      <datafield tag="024" ind1="7" ind2=" ">
         <subfield code="a">Q951946</subfield>
         <subfield code="2">WKP</subfield>
      </datafield>
      <datafield tag="024" ind1="7" ind2=" ">
         <subfield code="a">GB-Olmh</subfield>
         <subfield code="q">siglum</subfield>
         <subfield code="2">rism</subfield>
      </datafield>
      <datafield tag="034" ind1="1" ind2=" ">
         <subfield code="d">-1.2537874027419196</subfield>
         <subfield code="f">51.765117331943216</subfield>
      </datafield>
      <datafield tag="040" ind1=" " ind2=" ">
         <subfield code="a">DE-633</subfield>
         <subfield code="c">DE-633</subfield>
         <subfield code="e">rismg</subfield>
      </datafield>
      <datafield tag="043" ind1=" " ind2=" ">
         <subfield code="c">XA-GB</subfield>
      </datafield>
      <datafield tag="110" ind1="1" ind2=" ">
         <subfield code="a">Lady Margaret Hall</subfield>
         <subfield code="c">Oxford</subfield>
         <subfield code="g">GB-Olmh</subfield>
      </datafield>
      <datafield tag="368" ind1=" " ind2=" ">
         <subfield code="a">Institution</subfield>
         <subfield code="a">Library</subfield>
      </datafield>
      <datafield tag="371" ind1=" " ind2=" ">
         <subfield code="a">Norham Gardens</subfield>
         <subfield code="b">Oxford, OX2 6QA</subfield>
         <subfield code="d">United Kingdom</subfield>
         <subfield code="m">librarian@lmh.ox.ac.uk</subfield>
         <subfield code="u">https://www.lmh.ox.ac.uk/about-lmh/lmh-library</subfield>
         <subfield code="u">https://libguides.bodleian.ox.ac.uk/lmh</subfield>
         <subfield code="z">contact: Jamie Fishwick-Ford</subfield>
         <subfield code="z">tel: +44 / 01865 / 274361</subfield>
      </datafield>
      <datafield tag="551" ind1="1" ind2=" ">
         <subfield code="a">Oxford</subfield>
         <subfield code="0">places/3900626</subfield>
      </datafield>
   </record>