
   <record>
      <leader>00000nz  a2200000nc 4500</leader>
      <controlfield tag="001">institutions/51004478</controlfield>
      <controlfield tag="003">DE-633</controlfield>
      <controlfield tag="005">20250620052256.0</controlfield>
      <controlfield tag="008">201027||||z|||a|||||||||||||||||n||||||d</controlfield>
      <datafield tag="024" ind1="7" ind2=" ">
         <subfield code="a">GB-Ooml</subfield>
         <subfield code="q">siglum</subfield>
         <subfield code="2">rism</subfield>
      </datafield>
      <datafield tag="040" ind1=" " ind2=" ">
         <subfield code="a">DE-633</subfield>
         <subfield code="c">DE-633</subfield>
         <subfield code="e">rismg</subfield>
      </datafield>
      <datafield tag="043" ind1=" " ind2=" ">
         <subfield code="c">XA-GB</subfield>
      </datafield>
      <datafield tag="110" ind1="1" ind2=" ">
         <subfield code="a">Oxfordshire Music Library</subfield>
         <subfield code="c">Oxford</subfield>
         <subfield code="g">GB-Ooml</subfield>
      </datafield>
      <datafield tag="368" ind1=" " ind2=" ">
         <subfield code="a">Institution</subfield>
         <subfield code="a">Library</subfield>
      </datafield>
      <datafield tag="371" ind1=" " ind2=" ">
         <subfield code="a">Queen Street</subfield>
         <subfield code="a">Westgate</subfield>
         <subfield code="b">Oxford OX1 1DJ</subfield>
         <subfield code="c">Oxfordshire</subfield>
         <subfield code="d">United Kingdom</subfield>
         <subfield code="m">county.library@oxfordshire.gov.uk</subfield>
         <subfield code="u">https://www.oxfordshire.gov.uk/residents/leisure-and-culture/libraries/find-library/oxfordshire-county-library</subfield>
         <subfield code="u">https://www.oxfordshire.gov.uk/residents/leisure-and-culture/libraries/library/music-and-performing-arts</subfield>
         <subfield code="z">tel: +44 / 01865 / 815509</subfield>
      </datafield>
      <datafield tag="410" ind1=" " ind2=" ">
         <subfield code="a">Oxfordshire County Library</subfield>
      </datafield>
      <datafield tag="551" ind1="1" ind2=" ">
         <subfield code="a">Oxford</subfield>
         <subfield code="0">places/3900626</subfield>
      </datafield>
      <datafield tag="680" ind1="1" ind2=" ">
         <subfield code="a">The Oxfordshire Music Library is a space within the Oxfordshire County Library.</subfield>
      </datafield>
   </record>