
   <record>
      <leader>00000nz  a2200000nc 4500</leader>
      <controlfield tag="001">institutions/30001640</controlfield>
      <controlfield tag="003">DE-633</controlfield>
      <controlfield tag="005">20250723075542.0</controlfield>
      <controlfield tag="008">161109||||z|||a|||||||||||||||||n||||||d</controlfield>
      <datafield tag="024" ind1="7" ind2=" ">
         <subfield code="a">GB-Ouf</subfield>
         <subfield code="q">siglum</subfield>
         <subfield code="2">rism</subfield>
      </datafield>
      <datafield tag="034" ind1="1" ind2=" ">
         <subfield code="d">-1.2640794025698223</subfield>
         <subfield code="f">51.760033771875065</subfield>
      </datafield>
      <datafield tag="040" ind1=" " ind2=" ">
         <subfield code="a">DE-633</subfield>
         <subfield code="c">DE-633</subfield>
         <subfield code="e">rismg</subfield>
      </datafield>
      <datafield tag="043" ind1=" " ind2=" ">
         <subfield code="c">XA-GB</subfield>
      </datafield>
      <datafield tag="110" ind1="1" ind2=" ">
         <subfield code="a">Bodleian Humanities Library - Music Faculty Library</subfield>
         <subfield code="c">Oxford</subfield>
         <subfield code="g">GB-Ouf</subfield>
      </datafield>
      <datafield tag="368" ind1=" " ind2=" ">
         <subfield code="a">Institution</subfield>
         <subfield code="a">Library</subfield>
      </datafield>
      <datafield tag="371" ind1=" " ind2=" ">
         <subfield code="a">Stephen A. Schwarzman Centre for the Humanities</subfield>
         <subfield code="a">Radcliffe Observatory Quarter</subfield>
         <subfield code="a">Woodstock Road</subfield>
         <subfield code="b">Oxford</subfield>
         <subfield code="d">United Kingdom</subfield>
         <subfield code="e">OX2 6GG</subfield>
         <subfield code="m">music.library@bodleian.ox.ac.uk</subfield>
         <subfield code="u">https://www.bodleian.ox.ac.uk/music</subfield>
         <subfield code="z">tel: +44 / 01865 / (2)76148</subfield>
      </datafield>
      <datafield tag="410" ind1=" " ind2=" ">
         <subfield code="a">University of Oxford, Faculty of Music</subfield>
      </datafield>
      <datafield tag="410" ind1=" " ind2=" ">
         <subfield code="a">Oxford University, Faculty of Music Library</subfield>
      </datafield>
      <datafield tag="410" ind1=" " ind2=" ">
         <subfield code="a">University Faculty Library</subfield>
      </datafield>
      <datafield tag="551" ind1="1" ind2=" ">
         <subfield code="a">Oxford</subfield>
         <subfield code="0">places/3900626</subfield>
      </datafield>
      <datafield tag="667" ind1=" " ind2=" ">
         <subfield code="a">Published sources: 314</subfield>
      </datafield>
   </record>