
   <record>
      <leader>00000nz  a2200000nc 4500</leader>
      <controlfield tag="001">institutions/51008115</controlfield>
      <controlfield tag="003">DE-633</controlfield>
      <controlfield tag="005">20250620052320.0</controlfield>
      <controlfield tag="008">240718||||z|||a|||||||||||||||||n||||||d</controlfield>
      <datafield tag="024" ind1="7" ind2=" ">
         <subfield code="a">Q5267758</subfield>
         <subfield code="2">WKP</subfield>
      </datafield>
      <datafield tag="024" ind1="7" ind2=" ">
         <subfield code="a">GB-PLYtb</subfield>
         <subfield code="q">siglum</subfield>
         <subfield code="2">rism</subfield>
      </datafield>
      <datafield tag="034" ind1="1" ind2=" ">
         <subfield code="d">-4.137502480008113</subfield>
         <subfield code="f">50.37443954367662</subfield>
      </datafield>
      <datafield tag="040" ind1=" " ind2=" ">
         <subfield code="a">DE-633</subfield>
         <subfield code="c">DE-633</subfield>
         <subfield code="e">rismg</subfield>
      </datafield>
      <datafield tag="043" ind1=" " ind2=" ">
         <subfield code="c">XA-GB</subfield>
      </datafield>
      <datafield tag="110" ind1="1" ind2=" ">
         <subfield code="a">The Box - Archives and Local Studies</subfield>
         <subfield code="c">Plymouth</subfield>
         <subfield code="g">GB-PLYtb</subfield>
      </datafield>
      <datafield tag="368" ind1=" " ind2=" ">
         <subfield code="a">Institution</subfield>
         <subfield code="a">Archive</subfield>
         <subfield code="a">Library</subfield>
      </datafield>
      <datafield tag="371" ind1=" " ind2=" ">
         <subfield code="a">Tavistock Place</subfield>
         <subfield code="b">Plymouth</subfield>
         <subfield code="c">Devon</subfield>
         <subfield code="d">United Kingdom</subfield>
         <subfield code="e">PL4 8AX</subfield>
         <subfield code="u">https://www.theboxplymouth.com/collections/archives-and-local-studies</subfield>
      </datafield>
      <datafield tag="410" ind1=" " ind2=" ">
         <subfield code="a">Plymouth and West Devon Record Office</subfield>
      </datafield>
      <datafield tag="551" ind1="1" ind2=" ">
         <subfield code="a">Plymouth</subfield>
         <subfield code="0">places/5959</subfield>
      </datafield>
      <datafield tag="667" ind1=" " ind2=" ">
         <subfield code="a">Published sources: 1</subfield>
      </datafield>
      <datafield tag="678" ind1="1" ind2=" ">
         <subfield code="a">The Plymouth and West Devon Record Office was the region’s principal archive repository from 1952 until 2019. Now it is part of The Box.</subfield>
      </datafield>
   </record>