
   <record>
      <leader>00000nz  a2200000nc 4500</leader>
      <controlfield tag="001">institutions/30005651</controlfield>
      <controlfield tag="003">DE-633</controlfield>
      <controlfield tag="005">20250620052041.0</controlfield>
      <controlfield tag="008">161109||||z|||a|||||||||||||||||n||||||d</controlfield>
      <datafield tag="024" ind1="7" ind2=" ">
         <subfield code="a">124256099</subfield>
         <subfield code="2">VIAF</subfield>
      </datafield>
      <datafield tag="024" ind1="7" ind2=" ">
         <subfield code="a">Q2961285</subfield>
         <subfield code="2">WKP</subfield>
      </datafield>
      <datafield tag="024" ind1="7" ind2=" ">
         <subfield code="a">GB-PM</subfield>
         <subfield code="q">siglum</subfield>
         <subfield code="2">rism</subfield>
      </datafield>
      <datafield tag="040" ind1=" " ind2=" ">
         <subfield code="a">DE-633</subfield>
         <subfield code="c">DE-633</subfield>
         <subfield code="e">rismg</subfield>
      </datafield>
      <datafield tag="043" ind1=" " ind2=" ">
         <subfield code="c">XA-GB</subfield>
      </datafield>
      <datafield tag="110" ind1="1" ind2=" ">
         <subfield code="a">St. Hugh's Charterhouse</subfield>
         <subfield code="c">Parkminster (Horsham)</subfield>
         <subfield code="g">GB-PM</subfield>
      </datafield>
      <datafield tag="368" ind1=" " ind2=" ">
         <subfield code="a">Institution</subfield>
         <subfield code="a">Library</subfield>
      </datafield>
      <datafield tag="371" ind1=" " ind2=" ">
         <subfield code="a">Henfield Road</subfield>
         <subfield code="a">Partridge Green</subfield>
         <subfield code="b">Horsham</subfield>
         <subfield code="c">West Sussex</subfield>
         <subfield code="d">United Kingdom</subfield>
         <subfield code="e">RH13  8EB</subfield>
         <subfield code="u">https://www.parkminster.org.uk/index.php</subfield>
      </datafield>
      <datafield tag="551" ind1="1" ind2=" ">
         <subfield code="a">Parkminster (Horsham)</subfield>
         <subfield code="0">places/3904567</subfield>
      </datafield>
   </record>