
   <record>
      <leader>00000nz  a2200000nc 4500</leader>
      <controlfield tag="001">institutions/51000351</controlfield>
      <controlfield tag="003">DE-633</controlfield>
      <controlfield tag="005">20250620052236.0</controlfield>
      <controlfield tag="008">170626||||z|||a|||||||||||||||||n||||||d</controlfield>
      <datafield tag="024" ind1="7" ind2=" ">
         <subfield code="a">136159032648301181265</subfield>
         <subfield code="2">VIAF</subfield>
      </datafield>
      <datafield tag="024" ind1="7" ind2=" ">
         <subfield code="a">Q14912692</subfield>
         <subfield code="2">WKP</subfield>
      </datafield>
      <datafield tag="024" ind1="7" ind2=" ">
         <subfield code="a">GB-RAshc</subfield>
         <subfield code="q">siglum</subfield>
         <subfield code="2">rism</subfield>
      </datafield>
      <datafield tag="034" ind1="1" ind2=" ">
         <subfield code="d">1.4839462169979936</subfield>
         <subfield code="f">52.67937730673525</subfield>
      </datafield>
      <datafield tag="040" ind1=" " ind2=" ">
         <subfield code="a">DE-633</subfield>
         <subfield code="c">DE-633</subfield>
         <subfield code="e">rismg</subfield>
      </datafield>
      <datafield tag="043" ind1=" " ind2=" ">
         <subfield code="c">XA-GB</subfield>
      </datafield>
      <datafield tag="110" ind1="1" ind2=" ">
         <subfield code="a">St Helen's Church</subfield>
         <subfield code="c">Ranworth</subfield>
         <subfield code="g">GB-RAshc</subfield>
      </datafield>
      <datafield tag="368" ind1=" " ind2=" ">
         <subfield code="a">Institution</subfield>
         <subfield code="a">Library</subfield>
      </datafield>
      <datafield tag="371" ind1=" " ind2=" ">
         <subfield code="a">Ranworth Church, Visitor's Centre</subfield>
         <subfield code="a">Woodbastwick Road</subfield>
         <subfield code="b">Ranworth</subfield>
         <subfield code="c">East Anglia</subfield>
         <subfield code="d">United Kingdom</subfield>
         <subfield code="e">NR13 6HT</subfield>
         <subfield code="u">https://www.ranworthchurch.com/</subfield>
         <subfield code="z">tel: +44 / 1603270263</subfield>
      </datafield>
      <datafield tag="551" ind1="1" ind2=" ">
         <subfield code="a">Ranworth</subfield>
         <subfield code="0">places/4000033</subfield>
      </datafield>
      <datafield tag="670" ind1="1" ind2=" ">
         <subfield code="a">PfaffE 2009</subfield>
         <subfield code="0">publications/41000388</subfield>
      </datafield>
      <datafield tag="680" ind1="1" ind2=" ">
         <subfield code="a">St Helen's Church has a 15th-century antiphoner: https://en.wikipedia.org/wiki/Ranworth_Antiphoner (see also Pfaff, Liturgy in Medieval England (Cambridge, 2009), pp. 521 ff) and a Gloria tibi domine painted on wood: http://www.norfolkchurches.co.uk/ranworth/images/Dscf4445.jpg</subfield>
      </datafield>
   </record>