
   <record>
      <leader>00000nz  a2200000nc 4500</leader>
      <controlfield tag="001">institutions/30003394</controlfield>
      <controlfield tag="003">DE-633</controlfield>
      <controlfield tag="005">20250620052021.0</controlfield>
      <controlfield tag="008">161109||||z|||a|||||||||||||||||n||||||d</controlfield>
      <datafield tag="024" ind1="7" ind2=" ">
         <subfield code="a">GB-SB</subfield>
         <subfield code="q">siglum</subfield>
         <subfield code="2">rism</subfield>
      </datafield>
      <datafield tag="034" ind1="1" ind2=" ">
         <subfield code="d">-1.797306</subfield>
         <subfield code="f">51.064912</subfield>
      </datafield>
      <datafield tag="040" ind1=" " ind2=" ">
         <subfield code="a">DE-633</subfield>
         <subfield code="c">DE-633</subfield>
         <subfield code="e">rismg</subfield>
      </datafield>
      <datafield tag="043" ind1=" " ind2=" ">
         <subfield code="c">XA-GB</subfield>
      </datafield>
      <datafield tag="110" ind1="1" ind2=" ">
         <subfield code="a">Cathedral library</subfield>
         <subfield code="c">Salisbury</subfield>
         <subfield code="g">GB-SB</subfield>
      </datafield>
      <datafield tag="368" ind1=" " ind2=" ">
         <subfield code="a">Institution</subfield>
         <subfield code="a">Library</subfield>
      </datafield>
      <datafield tag="371" ind1=" " ind2=" ">
         <subfield code="a">The Chapter Office</subfield>
         <subfield code="a">6 The Close</subfield>
         <subfield code="b">Salisbury</subfield>
         <subfield code="d">United Kingdom</subfield>
         <subfield code="e">SP1 2EF</subfield>
         <subfield code="m">e.naish@salcath.co.uk</subfield>
         <subfield code="u">https://www.salisburycathedral.org.uk/learning/library</subfield>
         <subfield code="z">contact: Emily Naish</subfield>
         <subfield code="z">tel: +44 / (0)1722 / 555107</subfield>
      </datafield>
      <datafield tag="551" ind1="1" ind2=" ">
         <subfield code="a">Salisbury</subfield>
         <subfield code="0">places/3903793</subfield>
      </datafield>
   </record>