
   <record>
      <leader>00000nz  a2200000nc 4500</leader>
      <controlfield tag="001">institutions/51007742</controlfield>
      <controlfield tag="003">DE-633</controlfield>
      <controlfield tag="005">20250620052317.0</controlfield>
      <controlfield tag="008">240122||||z|||a|||||||||||||||||n||||||d</controlfield>
      <datafield tag="024" ind1="7" ind2=" ">
         <subfield code="a">Q54728147</subfield>
         <subfield code="2">WKP</subfield>
      </datafield>
      <datafield tag="024" ind1="7" ind2=" ">
         <subfield code="a">GB-WHIac</subfield>
         <subfield code="q">siglum</subfield>
         <subfield code="2">rism</subfield>
      </datafield>
      <datafield tag="034" ind1="1" ind2=" ">
         <subfield code="d">-3.5849062942011325</subfield>
         <subfield code="f">54.547769374852315</subfield>
      </datafield>
      <datafield tag="040" ind1=" " ind2=" ">
         <subfield code="a">DE-633</subfield>
         <subfield code="c">DE-633</subfield>
         <subfield code="e">rismg</subfield>
      </datafield>
      <datafield tag="043" ind1=" " ind2=" ">
         <subfield code="c">XA-GB</subfield>
      </datafield>
      <datafield tag="110" ind1="1" ind2=" ">
         <subfield code="a">Whitehaven Archive and Local Studies Centre</subfield>
         <subfield code="c">Whitehaven</subfield>
         <subfield code="g">GB-WHIac</subfield>
      </datafield>
      <datafield tag="368" ind1=" " ind2=" ">
         <subfield code="a">Institution</subfield>
         <subfield code="a">Library</subfield>
         <subfield code="a">Archive</subfield>
      </datafield>
      <datafield tag="371" ind1=" " ind2=" ">
         <subfield code="a">Scotch Street</subfield>
         <subfield code="b">Whitehaven Cumbria CA28 7NL</subfield>
         <subfield code="c">Cumbria</subfield>
         <subfield code="d">United Kingdom</subfield>
         <subfield code="m">whitehaven.archives@cumberland.gov.uk</subfield>
         <subfield code="u">https://cumbriaarchives.org.uk/archives/archivecentres/whalsc.asp</subfield>
         <subfield code="z">tel: +44 / 01946 506420</subfield>
      </datafield>
      <datafield tag="551" ind1="1" ind2=" ">
         <subfield code="a">Whitehaven</subfield>
         <subfield code="0">places/50012474</subfield>
      </datafield>
      <datafield tag="667" ind1=" " ind2=" ">
         <subfield code="a">Published sources: 4</subfield>
      </datafield>
   </record>