
   <record>
      <leader>00000nz  a2200000nc 4500</leader>
      <controlfield tag="001">institutions/51008122</controlfield>
      <controlfield tag="003">DE-633</controlfield>
      <controlfield tag="005">20250620052320.0</controlfield>
      <controlfield tag="008">240718||||z|||a|||||||||||||||||n||||||d</controlfield>
      <datafield tag="024" ind1="7" ind2=" ">
         <subfield code="a">Q47034664</subfield>
         <subfield code="2">WKP</subfield>
      </datafield>
      <datafield tag="024" ind1="7" ind2=" ">
         <subfield code="a">GB-WKwyas</subfield>
         <subfield code="q">siglum</subfield>
         <subfield code="2">rism</subfield>
      </datafield>
      <datafield tag="034" ind1="1" ind2=" ">
         <subfield code="d">-1.4916607639753134</subfield>
         <subfield code="f">53.67944579875625</subfield>
      </datafield>
      <datafield tag="040" ind1=" " ind2=" ">
         <subfield code="a">DE-633</subfield>
         <subfield code="c">DE-633</subfield>
         <subfield code="e">rismg</subfield>
      </datafield>
      <datafield tag="043" ind1=" " ind2=" ">
         <subfield code="c">XA-GB</subfield>
      </datafield>
      <datafield tag="110" ind1="1" ind2=" ">
         <subfield code="a">West Yorkshire History Centre - Wakefield Archive Service</subfield>
         <subfield code="c">Wakefield</subfield>
         <subfield code="g">GB-WKwyas</subfield>
      </datafield>
      <datafield tag="368" ind1=" " ind2=" ">
         <subfield code="a">Institution</subfield>
         <subfield code="a">Archive</subfield>
         <subfield code="a">Library</subfield>
      </datafield>
      <datafield tag="371" ind1=" " ind2=" ">
         <subfield code="a">127 Kirkgate</subfield>
         <subfield code="b">Wakefield</subfield>
         <subfield code="c">West Yorkshire</subfield>
         <subfield code="d">United Kingdom</subfield>
         <subfield code="e">WF1 1JG</subfield>
         <subfield code="m">wakefield@wyjs.org.uk</subfield>
         <subfield code="u">https://www.wyjs.org.uk/archive-service/contact-us-and-opening-times/west-yorkshire-history-centre-wakefield-archive-service-opening-times-and-information/</subfield>
         <subfield code="z">tel: +44 / (0)113 / 535 3040</subfield>
      </datafield>
      <datafield tag="551" ind1="1" ind2=" ">
         <subfield code="a">Wakefield</subfield>
         <subfield code="0">places/3902102</subfield>
      </datafield>
      <datafield tag="667" ind1=" " ind2=" ">
         <subfield code="a">Published sources: 108</subfield>
      </datafield>
   </record>