
   <record>
      <leader>00000nz  a2200000nc 4500</leader>
      <controlfield tag="001">institutions/51006788</controlfield>
      <controlfield tag="003">DE-633</controlfield>
      <controlfield tag="005">20250620052310.0</controlfield>
      <controlfield tag="008">221005||||z|||a|||||||||||||||||n||||||d</controlfield>
      <datafield tag="024" ind1="7" ind2=" ">
         <subfield code="a">GB-WOBbo</subfield>
         <subfield code="q">siglum</subfield>
         <subfield code="2">rism</subfield>
      </datafield>
      <datafield tag="034" ind1="1" ind2=" ">
         <subfield code="d">-0.5967633426351034</subfield>
         <subfield code="f">51.983081559245676</subfield>
      </datafield>
      <datafield tag="040" ind1=" " ind2=" ">
         <subfield code="a">DE-633</subfield>
         <subfield code="c">DE-633</subfield>
         <subfield code="e">rismg</subfield>
      </datafield>
      <datafield tag="043" ind1=" " ind2=" ">
         <subfield code="c">XA-GB</subfield>
      </datafield>
      <datafield tag="110" ind1="1" ind2=" ">
         <subfield code="a">The Bedford Estates, Bedford Office</subfield>
         <subfield code="c">Woburn</subfield>
         <subfield code="g">GB-WOBbo</subfield>
      </datafield>
      <datafield tag="368" ind1=" " ind2=" ">
         <subfield code="a">Institution</subfield>
         <subfield code="a">Library</subfield>
         <subfield code="a">Archive</subfield>
      </datafield>
      <datafield tag="371" ind1=" " ind2=" ">
         <subfield code="b">Woburn MK17 9PG</subfield>
         <subfield code="c">Bedfordshire</subfield>
         <subfield code="d">United Kingdom</subfield>
         <subfield code="u">https://www.woburn.co.uk/</subfield>
         <subfield code="z">tel: +44 / 1525290333</subfield>
      </datafield>
      <datafield tag="551" ind1="1" ind2=" ">
         <subfield code="a">Woburn</subfield>
         <subfield code="0">places/50018175</subfield>
      </datafield>
      <datafield tag="680" ind1="1" ind2=" ">
         <subfield code="a">The Bedford Estates office at Woburn Abbey in the UK is primarily a legal depository, but holds an important archive, the Bedford Opera Papers. This is an extensive set of documents relating to the Royal Italian Opera in London at the end of the 18th century.</subfield>
      </datafield>
   </record>