
   <record>
      <leader>00000nz  a2200000nc 4500</leader>
      <controlfield tag="001">institutions/51007922</controlfield>
      <controlfield tag="003">DE-633</controlfield>
      <controlfield tag="005">20250620052318.0</controlfield>
      <controlfield tag="008">240507||||z|||a|||||||||||||||||n||||||d</controlfield>
      <datafield tag="024" ind1="7" ind2=" ">
         <subfield code="a">Q4019199</subfield>
         <subfield code="2">WKP</subfield>
      </datafield>
      <datafield tag="024" ind1="7" ind2=" ">
         <subfield code="a">GB-WULwp</subfield>
         <subfield code="q">siglum</subfield>
         <subfield code="2">rism</subfield>
      </datafield>
      <datafield tag="034" ind1="1" ind2=" ">
         <subfield code="d">-2.2879778448530015</subfield>
         <subfield code="f">52.69289857732751</subfield>
      </datafield>
      <datafield tag="040" ind1=" " ind2=" ">
         <subfield code="a">DE-633</subfield>
         <subfield code="c">DE-633</subfield>
         <subfield code="e">rismg</subfield>
      </datafield>
      <datafield tag="043" ind1=" " ind2=" ">
         <subfield code="c">XA-GB</subfield>
      </datafield>
      <datafield tag="110" ind1="1" ind2=" ">
         <subfield code="a">The Weston Park Music Collection</subfield>
         <subfield code="c">Weston-under-Lizard</subfield>
         <subfield code="g">GB-WULwp</subfield>
      </datafield>
      <datafield tag="368" ind1=" " ind2=" ">
         <subfield code="a">Institution</subfield>
         <subfield code="a">Library</subfield>
      </datafield>
      <datafield tag="371" ind1=" " ind2=" ">
         <subfield code="b">Weston-under-Lizard</subfield>
         <subfield code="c">Staffordshire</subfield>
         <subfield code="d">United Kingdom</subfield>
         <subfield code="e">TF11 8LE</subfield>
         <subfield code="u">https://weston-park.com/</subfield>
      </datafield>
      <datafield tag="551" ind1="1" ind2=" ">
         <subfield code="a">Weston-under-Lizard</subfield>
         <subfield code="0">places/50020878</subfield>
      </datafield>
      <datafield tag="856" ind1="1" ind2=" ">
         <subfield code="u">https://www.cambridge.org/core/journals/royal-musical-association-research-chronicle/article/weston-park-music-collection-five-generations-of-family-musicmaking-in-eighteenthcentury-staffordshire/1D4606A517C68068BCD6D742B2485AAC</subfield>
         <subfield code="z">Article in the Journal "Royal Musical Association Research Chronicle"</subfield>
      </datafield>
   </record>